<?xml version="1.0" encoding="UTF-8" standalone="yes"?>
<PcGts xmlns="http://schema.primaresearch.org/PAGE/gts/pagecontent/2013-07-15" xmlns:xsi="http://www.w3.org/2001/XMLSchema-instance" xsi:schemaLocation="http://schema.primaresearch.org/PAGE/gts/pagecontent/2013-07-15 http://schema.primaresearch.org/PAGE/gts/pagecontent/2013-07-15/pagecontent.xsd">
    <Metadata>
        <Creator>prov=University of Rostock/Institute of Mathematics/CITlab|PLANET AI GmbH/Gundram Leifert/gundram.leifert@planet-ai.de:name=Noscemus GM 3.0(htr_id=26395)::::v=2.6.7
prov=University of Rostock/Institute of Mathematics/CITlab|PLANET AI GmbH/Tobias Gruening/tobias.gruening@planet-ai.de:name=de.uros.citlab.module.baseline2polygon.B2PSeamMultiOriented:v=2.6.7
prov=University of Rostock/Institute of Mathematics/CITlab|PLANET AI GmbH/Tobias Gruening/tobias.gruening@planet-ai.de:name=/net_tf/LA73_249_0mod360.pb:de.uros.citlab.segmentation.CITlab_LA_ML:v=2.6.7
Transkribus</Creator>
        <Created>2020-11-18T17:24:27.602+01:00</Created>
        <LastChange>2021-05-12T08:18:58.055+02:00</LastChange>
        <TranskribusMetadata docId="541177" pageId="22777140" pageNr="6" tsid="57766623" status="GT" userId="78683" imgUrl="https://files.transkribus.eu/Get?id=GIRSKPJERZGSTKNRBWULGFBH&amp;fileType=view" xmlUrl="https://files.transkribus.eu/Get?id=LGOWVYRYYAGRBTPGCOXIHJSS" imageId="17757259"/>
    </Metadata>
    <Page imageFilename="agtck_1834_02_00035.tif" imageWidth="1284" imageHeight="2357">
        <ReadingOrder>
            <OrderedGroup id="ro_1626328270438" caption="Regions reading order">
                <RegionRefIndexed index="0" regionRef="r1"/>
            </OrderedGroup>
        </ReadingOrder>
        <TextRegion orientation="0.0" id="r1" custom="readingOrder {index:0;}">
            <Coords points="206,80 206,2247 1232,2247 1232,80"/>
            <TextLine id="r1l1" custom="readingOrder {index:0;}">
                <Coords points="208,129 256,125 256,80 208,84"/>
                <Baseline points="208,114 256,110"/>
                <TextEquiv>
                    <Unicode>32</Unicode>
                </TextEquiv>
            </TextLine>
            <TextLine id="r1l2" custom="readingOrder {index:1;}">
                <Coords points="210,212 260,209 310,207 360,205 411,204 461,203 511,201 562,200 612,199 662,198 713,197 763,196 813,195 863,194 914,193 964,191 1014,189 1065,187 1115,185 1165,183 1216,179 1216,139 1165,143 1115,145 1065,147 1014,149 964,151 914,153 863,154 813,155 763,156 713,157 662,158 612,159 562,160 511,161 461,163 411,164 360,165 310,167 260,169 210,172"/>
                <Baseline points="210,199 260,196 310,194 360,192 411,191 461,190 511,188 562,187 612,186 662,185 713,184 763,183 813,182 863,181 914,180 964,178 1014,176 1065,174 1115,172 1165,170 1216,166"/>
                <TextEquiv>
                    <Unicode>den irdiſchen Cauſalitaͤtsverhaͤltniſſen unmittel⸗</Unicode>
                </TextEquiv>
            </TextLine>
            <TextLine id="r1l3" custom="readingOrder {index:2;}">
                <Coords points="212,268 261,266 311,263 361,262 411,260 461,259 510,257 560,256 610,255 660,254 710,254 759,253 809,252 859,250 909,249 959,248 1008,247 1058,245 1108,242 1158,241 1208,238 1208,198 1158,201 1108,202 1058,205 1008,207 959,208 909,209 859,210 809,212 759,213 710,214 660,214 610,215 560,216 510,217 461,219 411,220 361,222 311,223 261,226 212,228"/>
                <Baseline points="212,255 261,253 311,250 361,249 411,247 461,246 510,244 560,243 610,242 660,241 710,241 759,240 809,239 859,237 909,236 959,235 1008,234 1058,232 1108,229 1158,228 1208,225"/>
                <TextEquiv>
                    <Unicode>bar wirkſam ſehen will, was mit der Analogie der</Unicode>
                </TextEquiv>
            </TextLine>
            <TextLine id="r1l4" custom="readingOrder {index:3;}">
                <Coords points="216,325 265,323 315,321 365,318 414,317 464,316 514,314 563,313 613,312 663,311 713,310 762,309 812,308 862,308 911,306 961,305 1011,303 1060,301 1110,299 1160,297 1210,293 1210,253 1160,257 1110,259 1060,261 1011,263 961,265 911,266 862,268 812,268 762,269 713,270 663,271 613,272 563,273 514,274 464,276 414,277 365,278 315,281 265,283 216,285"/>
                <Baseline points="216,312 265,310 315,308 365,305 414,304 464,303 514,301 563,300 613,299 663,298 713,297 762,296 812,295 862,295 911,293 961,292 1011,290 1060,288 1110,286 1160,284 1210,280"/>
                <TextEquiv>
                    <Unicode>ganzen Natur und unſerer eigenen Erfahrung ſtreitet.</Unicode>
                </TextEquiv>
            </TextLine>
            <TextLine id="r1l5" custom="readingOrder {index:4;}">
                <Coords points="210,381 259,378 309,376 359,375 408,373 458,371 508,370 557,369 607,368 657,367 707,366 756,365 806,364 856,363 905,362 955,360 1005,359 1054,357 1104,355 1154,353 1204,351 1204,312 1154,314 1104,316 1054,318 1005,320 955,321 905,323 856,324 806,325 756,326 707,327 657,328 607,329 557,330 508,331 458,332 408,334 359,336 309,337 259,339 210,342"/>
                <Baseline points="210,368 259,365 309,363 359,362 408,360 458,358 508,357 557,356 607,355 657,354 707,353 756,352 806,351 856,350 905,349 955,347 1005,346 1054,344 1104,342 1154,340 1204,338"/>
                <TextEquiv>
                    <Unicode>Recht hat der Myſticismus, wenn er, nachdem die</Unicode>
                </TextEquiv>
            </TextLine>
            <TextLine id="r1l6" custom="readingOrder {index:5;}">
                <Coords points="216,438 265,435 315,433 365,430 414,429 464,427 514,426 563,424 613,423 663,422 713,421 762,421 812,420 862,418 911,417 961,416 1011,414 1060,412 1110,410 1160,407 1210,404 1210,365 1160,368 1110,371 1060,373 1011,375 961,377 911,378 862,379 812,381 762,382 713,382 663,383 613,384 563,385 514,387 464,388 414,390 365,391 315,394 265,396 216,399"/>
                <Baseline points="216,425 265,422 315,420 365,417 414,416 464,414 514,413 563,411 613,410 663,409 713,408 762,408 812,407 862,405 911,404 961,403 1011,401 1060,399 1110,397 1160,394 1210,391"/>
                <TextEquiv>
                    <Unicode>Vernunft die religioͤſen Ideen in ihren letzten Gruͤn⸗</Unicode>
                </TextEquiv>
            </TextLine>
            <TextLine id="r1l7" custom="readingOrder {index:6;}">
                <Coords points="216,495 266,492 316,490 366,487 416,485 466,484 516,482 566,481 616,480 666,479 717,478 767,477 817,476 867,475 917,474 967,473 1017,471 1067,469 1117,467 1167,464 1218,460 1218,421 1167,425 1117,428 1067,430 1017,432 967,434 917,435 867,436 817,437 767,438 717,439 666,440 616,441 566,442 516,443 466,445 416,446 366,448 316,451 266,453 216,456"/>
                <Baseline points="216,482 266,479 316,477 366,474 416,472 466,471 516,469 566,468 616,467 666,466 717,465 767,464 817,463 867,462 917,461 967,460 1017,458 1067,456 1117,454 1167,451 1218,447"/>
                <TextEquiv>
                    <Unicode>den dargeſtellt und aufgefaßt, der Verſtand aber</Unicode>
                </TextEquiv>
            </TextLine>
            <TextLine id="r1l8" custom="readingOrder {index:7;}">
                <Coords points="208,549 258,547 308,545 358,543 408,542 458,541 508,539 558,538 608,537 658,535 708,534 758,533 808,532 858,530 908,529 958,528 1008,526 1058,524 1108,522 1158,520 1208,518 1208,479 1158,481 1108,483 1058,485 1008,487 958,489 908,490 858,491 808,493 758,494 708,495 658,496 608,498 558,499 508,500 458,502 408,503 358,504 308,506 258,508 208,510"/>
                <Baseline points="208,536 258,534 308,532 358,530 408,529 458,528 508,526 558,525 608,524 658,522 708,521 758,520 808,519 858,517 908,516 958,515 1008,513 1058,511 1108,509 1158,507 1208,505"/>
                <TextEquiv>
                    <Unicode>dieſelben von aller falſchen Zuthat des Aber⸗ und</Unicode>
                </TextEquiv>
            </TextLine>
            <TextLine id="r1l9" custom="readingOrder {index:8;}">
                <Coords points="216,605 265,603 315,601 365,599 414,598 464,596 514,595 563,594 613,593 663,592 713,591 762,590 812,589 862,587 911,586 961,585 1011,583 1060,581 1110,579 1160,576 1210,573 1210,534 1160,537 1110,540 1060,542 1011,544 961,546 911,547 862,548 812,550 762,551 713,552 663,553 613,554 563,555 514,556 464,557 414,559 365,560 315,562 265,564 216,566"/>
                <Baseline points="216,592 265,590 315,588 365,586 414,585 464,583 514,582 563,581 613,580 663,579 713,578 762,577 812,576 862,574 911,573 961,572 1011,570 1060,568 1110,566 1160,563 1210,560"/>
                <TextEquiv>
                    <Unicode>Ueberglaubens gereiniget, die Religion als etwas</Unicode>
                </TextEquiv>
            </TextLine>
            <TextLine id="r1l10" custom="readingOrder {index:9;}">
                <Coords points="216,659 265,657 315,656 365,655 414,654 464,653 514,651 563,650 613,649 663,648 713,647 762,646 812,645 862,643 911,642 961,640 1011,638 1060,637 1110,635 1160,632 1210,630 1210,591 1160,593 1110,596 1060,598 1011,599 961,601 911,603 862,604 812,606 762,607 713,608 663,609 613,610 563,611 514,612 464,614 414,615 365,616 315,617 265,618 216,620"/>
                <Baseline points="216,646 265,644 315,643 365,642 414,641 464,640 514,638 563,637 613,636 663,635 713,634 762,633 812,632 862,630 911,629 961,627 1011,625 1060,624 1110,622 1160,619 1210,617"/>
                <TextEquiv>
                    <Unicode>Geheimnißvolles, Unbegreifliches behandelt, ihre</Unicode>
                </TextEquiv>
            </TextLine>
            <TextLine id="r1l11" custom="readingOrder {index:10;}">
                <Coords points="206,718 256,716 306,714 356,712 406,711 456,710 506,708 556,707 606,706 656,705 707,704 757,703 807,701 857,700 907,699 957,697 1007,696 1057,694 1107,692 1157,690 1208,688 1208,649 1157,651 1107,653 1057,655 1007,657 957,658 907,660 857,661 807,662 757,664 707,665 656,666 606,667 556,668 506,669 456,671 406,672 356,673 306,675 256,677 206,679"/>
                <Baseline points="206,705 256,703 306,701 356,699 406,698 456,697 506,695 556,694 606,693 656,692 707,691 757,690 807,688 857,687 907,686 957,684 1007,683 1057,681 1107,679 1157,677 1208,675"/>
                <TextEquiv>
                    <Unicode>uͤberſchwenglichen Ideen ſich durch die Phanta⸗</Unicode>
                </TextEquiv>
            </TextLine>
            <TextLine id="r1l12" custom="readingOrder {index:11;}">
                <Coords points="207,776 257,774 307,771 358,769 408,767 458,766 509,764 559,763 609,762 660,761 710,760 760,758 811,757 861,756 911,755 962,753 1012,751 1062,749 1113,747 1163,744 1214,740 1214,701 1163,705 1113,708 1062,710 1012,712 962,714 911,716 861,717 811,718 760,719 710,721 660,722 609,723 559,724 509,725 458,727 408,728 358,730 307,732 257,735 207,737"/>
                <Baseline points="207,763 257,761 307,758 358,756 408,754 458,753 509,751 559,750 609,749 660,748 710,747 760,745 811,744 861,743 911,742 962,740 1012,738 1062,736 1113,734 1163,731 1214,727"/>
                <TextEquiv>
                    <Unicode>ſie zu veranſchaulichen ſtrebt, und ſich denſelben mit</Unicode>
                </TextEquiv>
            </TextLine>
            <TextLine id="r1l13" custom="readingOrder {index:12;}">
                <Coords points="219,836 268,831 318,828 367,825 417,823 466,821 516,820 565,818 615,817 664,816 714,816 764,815 813,814 863,813 912,812 962,811 1011,809 1061,807 1110,804 1160,801 1210,797 1210,757 1160,761 1110,764 1061,767 1011,769 962,771 912,772 863,773 813,774 764,775 714,776 664,776 615,777 565,778 516,780 466,781 417,783 367,785 318,788 268,791 219,796"/>
                <Baseline points="219,823 268,818 318,815 367,812 417,810 466,808 516,807 565,805 615,804 664,803 714,803 764,802 813,801 863,800 912,799 962,798 1011,796 1061,794 1110,791 1160,788 1210,784"/>
                <TextEquiv>
                    <Unicode>glaͤubigem Gemüͤthe hingiebt. Denn, wie der reli⸗</Unicode>
                </TextEquiv>
            </TextLine>
            <TextLine id="r1l14" custom="readingOrder {index:13;}">
                <Coords points="211,893 260,888 310,885 359,882 409,879 459,877 508,876 558,874 608,873 657,872 707,872 757,871 806,870 856,869 906,868 955,867 1005,865 1055,863 1104,860 1154,857 1204,853 1204,814 1154,818 1104,821 1055,824 1005,826 955,828 906,829 856,830 806,831 757,832 707,833 657,833 608,834 558,835 508,837 459,838 409,840 359,843 310,846 260,849 211,854"/>
                <Baseline points="211,880 260,875 310,872 359,869 409,866 459,864 508,863 558,861 608,860 657,859 707,859 757,858 806,857 856,856 906,855 955,854 1005,852 1055,850 1104,847 1154,844 1204,840"/>
                <TextEquiv>
                    <Unicode>gioͤſe Glaube im Menſchen ſelbſt ein ſupernatura⸗</Unicode>
                </TextEquiv>
            </TextLine>
            <TextLine id="r1l15" custom="readingOrder {index:14;}">
                <Coords points="214,946 264,942 314,939 364,936 414,934 464,932 514,931 564,930 614,929 664,929 715,928 765,927 815,927 865,926 915,925 965,923 1015,921 1065,918 1115,915 1165,911 1216,906 1216,867 1165,872 1115,876 1065,879 1015,882 965,884 915,886 865,887 815,888 765,888 715,889 664,890 614,890 564,891 514,892 464,893 414,895 364,897 314,900 264,903 214,907"/>
                <Baseline points="214,933 264,929 314,926 364,923 414,921 464,919 514,918 564,917 614,916 664,916 715,915 765,914 815,914 865,913 915,912 965,910 1015,908 1065,905 1115,902 1165,898 1216,893"/>
                <TextEquiv>
                    <Unicode>les, ein uns auch nicht aus dem Gange der ſichtbaren</Unicode>
                </TextEquiv>
            </TextLine>
            <TextLine id="r1l16" custom="readingOrder {index:15;}">
                <Coords points="216,1001 265,998 315,995 365,992 415,990 465,989 514,988 564,987 614,986 664,985 714,985 763,984 813,983 863,982 913,981 963,980 1012,977 1062,975 1112,972 1162,968 1212,964 1212,924 1162,928 1112,932 1062,935 1012,937 963,940 913,941 863,942 813,943 763,944 714,945 664,945 614,946 564,947 514,948 465,949 415,950 365,952 315,955 265,958 216,961"/>
                <Baseline points="216,988 265,985 315,982 365,979 415,977 465,976 514,975 564,974 614,973 664,972 714,972 763,971 813,970 863,969 913,968 963,967 1012,964 1062,962 1112,959 1162,955 1212,951"/>
                <TextEquiv>
                    <Unicode>Natur erklaͤrbares, verliehenes Beduͤrfniß zum Glauben</Unicode>
                </TextEquiv>
            </TextLine>
            <TextLine id="r1l17" custom="readingOrder {index:16;}">
                <Coords points="218,1058 267,1054 317,1051 366,1049 416,1047 466,1046 515,1044 565,1044 614,1043 664,1042 714,1042 763,1041 813,1040 862,1039 912,1038 962,1037 1011,1035 1061,1032 1110,1029 1160,1026 1210,1022 1210,982 1160,986 1110,989 1061,992 1011,995 962,997 912,998 862,999 813,1000 763,1001 714,1002 664,1002 614,1003 565,1004 515,1004 466,1006 416,1007 366,1009 317,1011 267,1014 218,1018"/>
                <Baseline points="218,1045 267,1041 317,1038 366,1036 416,1034 466,1033 515,1031 565,1031 614,1030 664,1029 714,1029 763,1028 813,1027 862,1026 912,1025 962,1024 1011,1022 1061,1019 1110,1016 1160,1013 1210,1009"/>
                <TextEquiv>
                    <Unicode>an etwas uͤber der Natur Vorhandenes (Supernatu⸗</Unicode>
                </TextEquiv>
            </TextLine>
            <TextLine id="r1l18" custom="readingOrder {index:17;}">
                <Coords points="214,1114 264,1111 314,1108 364,1106 414,1104 465,1103 515,1102 565,1101 615,1100 665,1099 716,1099 766,1098 816,1097 866,1096 916,1095 967,1093 1017,1090 1067,1088 1117,1084 1167,1081 1218,1076 1218,1036 1167,1041 1117,1044 1067,1048 1017,1050 967,1053 916,1055 866,1056 816,1057 766,1058 716,1059 665,1059 615,1060 565,1061 515,1062 465,1063 414,1064 364,1066 314,1068 264,1071 214,1074"/>
                <Baseline points="214,1101 264,1098 314,1095 364,1093 414,1091 465,1090 515,1089 565,1088 615,1087 665,1086 716,1086 766,1085 816,1084 866,1083 916,1082 967,1080 1017,1077 1067,1075 1117,1071 1167,1068 1218,1063"/>
                <TextEquiv>
                    <Unicode>rales) nach den unmittelbar uns innewohnenden reli⸗</Unicode>
                </TextEquiv>
            </TextLine>
            <TextLine id="r1l19" custom="readingOrder {index:18;}">
                <Coords points="215,1174 264,1170 314,1167 364,1164 414,1162 464,1161 514,1159 563,1158 613,1158 663,1157 713,1157 763,1156 813,1155 863,1154 912,1153 962,1151 1012,1149 1062,1146 1112,1143 1162,1138 1212,1133 1212,1094 1162,1099 1112,1104 1062,1107 1012,1110 962,1112 912,1114 863,1115 813,1116 763,1117 713,1118 663,1118 613,1119 563,1119 514,1120 464,1122 414,1123 364,1125 314,1128 264,1131 215,1135"/>
                <Baseline points="215,1161 264,1157 314,1154 364,1151 414,1149 464,1148 514,1146 563,1145 613,1145 663,1144 713,1144 763,1143 813,1142 863,1141 912,1140 962,1138 1012,1136 1062,1133 1112,1130 1162,1125 1212,1120"/>
                <TextEquiv>
                    <Unicode>gioͤſen Vernunftideen iſt, ſo liegt in der Religion</Unicode>
                </TextEquiv>
            </TextLine>
            <TextLine id="r1l20" custom="readingOrder {index:19;}">
                <Coords points="216,1227 256,1226 296,1225 337,1224 377,1223 418,1222 458,1221 498,1220 539,1219 579,1219 620,1218 660,1216 700,1215 741,1214 781,1213 822,1211 862,1209 902,1208 943,1206 983,1205 1024,1203 1024,1164 983,1166 943,1167 902,1169 862,1170 822,1172 781,1174 741,1175 700,1176 660,1177 620,1179 579,1180 539,1180 498,1181 458,1182 418,1183 377,1184 337,1185 296,1186 256,1187 216,1188"/>
                <Baseline points="216,1214 256,1213 296,1212 337,1211 377,1210 418,1209 458,1208 498,1207 539,1206 579,1206 620,1205 660,1203 700,1202 741,1201 781,1200 822,1198 862,1196 902,1195 943,1193 983,1192 1024,1190"/>
                <TextEquiv>
                    <Unicode>durchaus ein myſtiſches Element u. ſ. w."</Unicode>
                </TextEquiv>
            </TextLine>
            <TextLine id="r1l21" custom="readingOrder {index:20;}">
                <Coords points="1076,1259 1107,1259 1138,1255 1138,1210 1107,1214 1076,1214"/>
                <Baseline points="1076,1244 1107,1244 1138,1240"/>
                <TextEquiv>
                    <Unicode>H.</Unicode>
                </TextEquiv>
            </TextLine>
            <TextLine id="r1l22" custom="readingOrder {index:21;}">
                <Coords points="539,1472 564,1473 589,1473 614,1474 640,1474 665,1474 690,1475 716,1475 741,1474 766,1474 791,1473 817,1472 842,1470 867,1469 893,1466 893,1421 867,1424 842,1425 817,1427 791,1428 766,1429 741,1429 716,1430 690,1430 665,1429 640,1429 614,1429 589,1428 564,1428 539,1427"/>
                <Baseline points="539,1457 564,1458 589,1458 614,1459 640,1459 665,1459 690,1460 716,1460 741,1459 766,1459 791,1458 817,1457 842,1455 867,1454 893,1451"/>
                <TextEquiv>
                    <Unicode>Paͤdagogik.</Unicode>
                </TextEquiv>
            </TextLine>
            <TextLine id="r1l23" custom="readingOrder {index:22;}">
                <Coords points="216,1605 266,1601 316,1597 366,1595 416,1594 466,1592 516,1591 566,1590 616,1590 666,1589 716,1589 766,1588 816,1587 866,1586 916,1584 966,1581 1016,1578 1066,1575 1116,1570 1166,1565 1216,1558 1216,1513 1166,1520 1116,1525 1066,1530 1016,1533 966,1536 916,1539 866,1541 816,1542 766,1543 716,1544 666,1544 616,1545 566,1545 516,1546 466,1547 416,1549 366,1550 316,1552 266,1556 216,1560"/>
                <Baseline points="216,1590 266,1586 316,1582 366,1580 416,1579 466,1577 516,1576 566,1575 616,1575 666,1574 716,1574 766,1573 816,1572 866,1571 916,1569 966,1566 1016,1563 1066,1560 1116,1555 1166,1550 1216,1543"/>
                <TextEquiv>
                    <Unicode>1. Erziehungslehre von Fr. J. Chr. Schwarz,</Unicode>
                </TextEquiv>
            </TextLine>
            <TextLine id="r1l24" custom="readingOrder {index:23;}">
                <Coords points="294,1665 339,1662 385,1660 431,1658 477,1656 523,1656 569,1655 615,1654 661,1654 707,1653 753,1652 798,1652 844,1650 890,1649 936,1647 982,1644 1028,1641 1074,1636 1120,1632 1166,1626 1212,1619 1212,1574 1166,1581 1120,1587 1074,1591 1028,1596 982,1599 936,1602 890,1604 844,1605 798,1607 753,1607 707,1608 661,1609 615,1609 569,1610 523,1611 477,1611 431,1613 385,1615 339,1617 294,1620"/>
                <Baseline points="294,1650 339,1647 385,1645 431,1643 477,1641 523,1641 569,1640 615,1639 661,1639 707,1638 753,1637 798,1637 844,1635 890,1634 936,1632 982,1629 1028,1626 1074,1621 1120,1617 1166,1611 1212,1604"/>
                <TextEquiv>
                    <Unicode>Doct. d. Th. u. Ph., Großherz. Badenſchem Ge⸗</Unicode>
                </TextEquiv>
            </TextLine>
            <TextLine id="r1l25" custom="readingOrder {index:24;}">
                <Coords points="296,1731 342,1728 388,1724 435,1722 481,1720 527,1719 574,1718 620,1718 666,1717 713,1717 759,1716 805,1715 852,1714 898,1713 944,1711 991,1708 1037,1705 1083,1700 1130,1695 1176,1688 1223,1680 1223,1635 1176,1643 1130,1650 1083,1655 1037,1660 991,1663 944,1666 898,1668 852,1669 805,1670 759,1671 713,1672 666,1672 620,1673 574,1673 527,1674 481,1675 435,1677 388,1679 342,1683 296,1686"/>
                <Baseline points="296,1716 342,1713 388,1709 435,1707 481,1705 527,1704 574,1703 620,1703 666,1702 713,1702 759,1701 805,1700 852,1699 898,1698 944,1696 991,1693 1037,1690 1083,1685 1130,1680 1176,1673 1223,1665"/>
                <TextEquiv>
                    <Unicode>heimen Kirchenrathe und ord. Prof. d. Th. zu Hei⸗</Unicode>
                </TextEquiv>
            </TextLine>
            <TextLine id="r1l26" custom="readingOrder {index:25;}">
                <Coords points="300,1793 345,1791 391,1789 437,1787 483,1786 529,1785 574,1785 620,1784 666,1783 712,1782 758,1782 803,1780 849,1779 895,1777 941,1775 987,1773 1032,1769 1078,1765 1124,1760 1170,1755 1216,1748 1216,1703 1170,1710 1124,1715 1078,1720 1032,1724 987,1728 941,1730 895,1732 849,1734 803,1735 758,1737 712,1737 666,1738 620,1739 574,1740 529,1740 483,1741 437,1742 391,1744 345,1746 300,1748"/>
                <Baseline points="300,1778 345,1776 391,1774 437,1772 483,1771 529,1770 574,1770 620,1769 666,1768 712,1767 758,1767 803,1765 849,1764 895,1762 941,1760 987,1758 1032,1754 1078,1750 1124,1745 1170,1740 1216,1733"/>
                <TextEquiv>
                    <Unicode>delberg. Erſter Band, erſte Abtheilung. Zweite</Unicode>
                </TextEquiv>
            </TextLine>
            <TextLine id="r1l27" custom="readingOrder {index:26;}">
                <Coords points="298,1857 344,1855 390,1853 436,1851 482,1850 528,1850 574,1849 620,1848 666,1847 712,1847 758,1846 804,1845 850,1843 896,1841 942,1839 988,1835 1034,1832 1080,1827 1126,1822 1172,1815 1218,1808 1218,1763 1172,1770 1126,1777 1080,1782 1034,1787 988,1790 942,1794 896,1796 850,1798 804,1800 758,1801 712,1802 666,1802 620,1803 574,1804 528,1805 482,1805 436,1806 390,1808 344,1810 298,1812"/>
                <Baseline points="298,1842 344,1840 390,1838 436,1836 482,1835 528,1835 574,1834 620,1833 666,1832 712,1832 758,1831 804,1830 850,1828 896,1826 942,1824 988,1820 1034,1817 1080,1812 1126,1807 1172,1800 1218,1793"/>
                <TextEquiv>
                    <Unicode>durchaus umgearbeitete, verbeſſerte Auflage. Leip⸗</Unicode>
                </TextEquiv>
            </TextLine>
            <TextLine id="r1l28" custom="readingOrder {index:27;}">
                <Coords points="294,1923 340,1920 387,1918 433,1916 480,1914 527,1913 573,1912 620,1912 666,1911 713,1911 760,1910 806,1909 853,1907 899,1905 946,1903 993,1900 1039,1896 1086,1891 1132,1886 1179,1879 1226,1871 1226,1828 1179,1836 1132,1843 1086,1848 1039,1853 993,1857 946,1860 899,1862 853,1864 806,1866 760,1867 713,1868 666,1868 620,1869 573,1869 527,1870 480,1871 433,1873 387,1875 340,1877 294,1880"/>
                <Baseline points="294,1909 340,1906 387,1904 433,1902 480,1900 527,1899 573,1898 620,1898 666,1897 713,1897 760,1896 806,1895 853,1893 899,1891 946,1889 993,1886 1039,1882 1086,1877 1132,1872 1179,1865 1226,1857"/>
                <TextEquiv>
                    <Unicode>zig, bei G. J. Goͤſchen. 1829. 538 S. Zweite</Unicode>
                </TextEquiv>
            </TextLine>
            <TextLine id="r1l29" custom="readingOrder {index:28;}">
                <Coords points="300,1982 345,1981 391,1980 437,1979 482,1979 528,1978 574,1978 619,1977 665,1977 711,1976 757,1975 802,1974 848,1972 894,1970 939,1968 985,1965 1031,1961 1076,1956 1122,1951 1168,1945 1214,1938 1214,1895 1168,1902 1122,1908 1076,1913 1031,1918 985,1922 939,1925 894,1927 848,1929 802,1931 757,1932 711,1933 665,1934 619,1934 574,1935 528,1935 482,1936 437,1936 391,1937 345,1938 300,1939"/>
                <Baseline points="300,1968 345,1967 391,1966 437,1965 482,1965 528,1964 574,1964 619,1963 665,1963 711,1962 757,1961 802,1960 848,1958 894,1956 939,1954 985,1951 1031,1947 1076,1942 1122,1937 1168,1931 1214,1924"/>
                <TextEquiv>
                    <Unicode>Abtheilung 520 S. Zweiter Band 605 S.</Unicode>
                </TextEquiv>
            </TextLine>
            <TextLine id="r1l30" custom="readingOrder {index:29;}">
                <Coords points="300,2048 329,2047 358,2046 387,2045 416,2045 445,2044 474,2044 503,2044 532,2043 561,2043 590,2043 619,2042 648,2042 677,2041 706,2040 735,2040 764,2039 793,2038 822,2036 851,2035 880,2033 880,1988 851,1990 822,1991 793,1993 764,1994 735,1995 706,1995 677,1996 648,1997 619,1997 590,1998 561,1998 532,1998 503,1999 474,1999 445,1999 416,2000 387,2000 358,2001 329,2002 300,2003"/>
                <Baseline points="300,2033 329,2032 358,2031 387,2030 416,2030 445,2029 474,2029 503,2029 532,2028 561,2028 590,2028 619,2027 648,2027 677,2026 706,2025 735,2025 764,2024 793,2023 822,2021 851,2020 880,2018"/>
                <TextEquiv>
                    <Unicode>Dritter Band 422 S. 8.</Unicode>
                </TextEquiv>
            </TextLine>
            <TextLine id="r1l31" custom="readingOrder {index:30;}">
                <Coords points="206,2122 256,2118 307,2114 358,2111 409,2110 460,2108 511,2107 562,2106 613,2105 664,2104 715,2104 765,2103 816,2101 867,2100 918,2097 969,2095 1020,2090 1071,2085 1122,2080 1173,2073 1224,2064 1224,2019 1173,2028 1122,2035 1071,2040 1020,2045 969,2050 918,2052 867,2055 816,2056 765,2058 715,2059 664,2059 613,2060 562,2061 511,2062 460,2063 409,2065 358,2066 307,2069 256,2073 206,2077"/>
                <Baseline points="206,2107 256,2103 307,2099 358,2096 409,2095 460,2093 511,2092 562,2091 613,2090 664,2089 715,2089 765,2088 816,2086 867,2085 918,2082 969,2080 1020,2075 1071,2070 1122,2065 1173,2058 1224,2049"/>
                <TextEquiv>
                    <Unicode>2. Die Schulen. Die verſchiedenen Arten der Schu⸗</Unicode>
                </TextEquiv>
            </TextLine>
            <TextLine id="r1l32" custom="readingOrder {index:31;}">
                <Coords points="294,2181 340,2177 387,2174 433,2172 480,2171 527,2170 573,2169 620,2168 666,2168 713,2167 760,2167 806,2166 853,2165 899,2163 946,2160 993,2157 1039,2153 1086,2148 1132,2142 1179,2134 1226,2126 1226,2081 1179,2089 1132,2097 1086,2103 1039,2108 993,2112 946,2115 899,2118 853,2120 806,2121 760,2122 713,2122 666,2123 620,2123 573,2124 527,2125 480,2126 433,2127 387,2129 340,2132 294,2136"/>
                <Baseline points="294,2166 340,2162 387,2159 433,2157 480,2156 527,2155 573,2154 620,2153 666,2153 713,2152 760,2152 806,2151 853,2150 899,2148 946,2145 993,2142 1039,2138 1086,2133 1132,2127 1179,2119 1226,2111"/>
                <TextEquiv>
                    <Unicode>len, ihre innern und aͤußern Verhaͤltniſſe und ihre</Unicode>
                </TextEquiv>
            </TextLine>
            <TextLine id="r1l33" custom="readingOrder {index:32;}">
                <Coords points="290,2247 337,2243 384,2241 431,2239 478,2238 525,2237 572,2236 619,2235 666,2235 713,2234 761,2233 808,2232 855,2231 902,2229 949,2227 996,2223 1043,2219 1090,2214 1137,2208 1184,2201 1232,2192 1232,2147 1184,2156 1137,2163 1090,2169 1043,2174 996,2178 949,2182 902,2184 855,2186 808,2187 761,2188 713,2189 666,2190 619,2190 572,2191 525,2192 478,2193 431,2194 384,2196 337,2198 290,2202"/>
                <Baseline points="290,2232 337,2228 384,2226 431,2224 478,2223 525,2222 572,2221 619,2220 666,2220 713,2219 761,2218 808,2217 855,2216 902,2214 949,2212 996,2208 1043,2204 1090,2199 1137,2193 1184,2186 1232,2177"/>
                <TextEquiv>
                    <Unicode>Beſtimmung in dem Entwicklungsgange der</Unicode>
                </TextEquiv>
            </TextLine>
            <TextEquiv>
                <Unicode>32
den irdiſchen Cauſalitaͤtsverhaͤltniſſen unmittel⸗
bar wirkſam ſehen will, was mit der Analogie der
ganzen Natur und unſerer eigenen Erfahrung ſtreitet.
Recht hat der Myſticismus, wenn er, nachdem die
Vernunft die religioͤſen Ideen in ihren letzten Gruͤn⸗
den dargeſtellt und aufgefaßt, der Verſtand aber
dieſelben von aller falſchen Zuthat des Aber⸗ und
Ueberglaubens gereiniget, die Religion als etwas
Geheimnißvolles, Unbegreifliches behandelt, ihre
uͤberſchwenglichen Ideen ſich durch die Phanta⸗
ſie zu veranſchaulichen ſtrebt, und ſich denſelben mit
glaͤubigem Gemüͤthe hingiebt. Denn, wie der reli⸗
gioͤſe Glaube im Menſchen ſelbſt ein ſupernatura⸗
les, ein uns auch nicht aus dem Gange der ſichtbaren
Natur erklaͤrbares, verliehenes Beduͤrfniß zum Glauben
an etwas uͤber der Natur Vorhandenes (Supernatu⸗
rales) nach den unmittelbar uns innewohnenden reli⸗
gioͤſen Vernunftideen iſt, ſo liegt in der Religion
durchaus ein myſtiſches Element u. ſ. w."
H.
Paͤdagogik.
1. Erziehungslehre von Fr. J. Chr. Schwarz,
Doct. d. Th. u. Ph., Großherz. Badenſchem Ge⸗
heimen Kirchenrathe und ord. Prof. d. Th. zu Hei⸗
delberg. Erſter Band, erſte Abtheilung. Zweite
durchaus umgearbeitete, verbeſſerte Auflage. Leip⸗
zig, bei G. J. Goͤſchen. 1829. 538 S. Zweite
Abtheilung 520 S. Zweiter Band 605 S.
Dritter Band 422 S. 8.
2. Die Schulen. Die verſchiedenen Arten der Schu⸗
len, ihre innern und aͤußern Verhaͤltniſſe und ihre
Beſtimmung in dem Entwicklungsgange der</Unicode>
            </TextEquiv>
        </TextRegion>
    </Page>
</PcGts>
