1280 2355
1032 103 1088 147 79
83 155 1083 239 gelehrte, ſtellt euch dar als Chriſti Diener und Nach⸗
89 215 1069 298 folger. Und es wird beſſer werden, — zuerſt in euch,
85 266 1071 352 — dann gewiß auch um und außer euch, in der Kirche
75 321 1073 409 und Gemeinde. „Uebet euch ſelbst in der Gottſeelig⸗
81 378 1073 464 keit: ohne ſie iſt andere Uebung (euch und Andern)
75 434 1069 523 wenig nuͤtze; die Gottſeeligkeit aber iſt zu Allem nuͤtze,
79 494 1067 576 und hat Verheißungen fuͤr dieſes und das zuküͤnftige
71 547 203 602 Leben.“
850 621 1000 675 Klkrz.
81 807 1065 890 Erwiederung auf die Bemerkungen, welche im
79 873 1075 953 Juni⸗Hefte 1833 dieſer Annalen uͤber die Beant⸗
93 942 1055 1016 wortung der Preisfrage v. J. 1832 gemacht
127 1012 1001 1082 wurden. Vom Verf. jener Beantwortung.
149 1123 1071 1194 Wenn der Unterzeichnete auf die uͤber ſeine Arbeit
75 1171 1056 1250 gemachten Bemerkungen, welche er zufaͤllig jetzt erſt zu
73 1225 1059 1309 Geſichte bekam, Einiges erwiedern zu muͤſſen glaubt,
71 1281 1063 1364 ſo geſchieht dies einzig um der Sache willen, da er ja
65 1335 1059 1421 jene Arbeit als eine unvollkommene ſelbſt unverholen
71 1395 1059 1477 anerkannt hat, und weit von dem Wahne entfernt iſt,
73 1451 1057 1533 ſeine Anſichten fuͤr unfehlbar zu halten. Der geneigte
67 1503 1059 1590 Leſer wolle pruͤfen, und das Beſſere behalten. Der
67 1556 1059 1647 Hr. **r. meint, Chriſtus und ſeine Apoſtel haͤtten an
67 1616 1061 1703 einen Univerſalismus weder gedacht, noch denken koͤn⸗
67 1672 1051 1762 nen, und das iſt es im Grunde allein, was er gegen
63 1727 1051 1820 meine Behauptungen in jener Abhandlung vorbringt,
69 1784 1063 1877 und zu beweiſen ſucht. Gegen dieſe ſeine Beweiſe
67 1840 1049 1934 ſcheint mir noch Manches vorgebracht werden zu koͤn⸗
63 1900 1059 1988 nen. Hier nur das, was ich, ohne eigentlichen gelehr⸗
58 1949 777 2034 len Apparat, zu geben im Stande bin.
133 2023 1047 2099 Chriſtus ſoll vor Allem ſeinen Nationalismus
63 2062 1053 2156 und Particularismus oͤfter ſelbſt zu erkennen ge⸗
63 2120 1055 2211 geben haben, z. B. Matth. 15, 21., wo er erklaͤre, daß
63 2176 1047 2270 er nur zu den verlornen Schafen des Hauſes
