<?xml version="1.0" encoding="UTF-8" standalone="yes"?>
<PcGts xmlns="http://schema.primaresearch.org/PAGE/gts/pagecontent/2013-07-15" xmlns:xsi="http://www.w3.org/2001/XMLSchema-instance" xsi:schemaLocation="http://schema.primaresearch.org/PAGE/gts/pagecontent/2013-07-15 http://schema.primaresearch.org/PAGE/gts/pagecontent/2013-07-15/pagecontent.xsd">
    <Metadata>
        <Creator>prov=University of Rostock/Institute of Mathematics/CITlab|PLANET AI GmbH/Gundram Leifert/gundram.leifert@planet-ai.de:name=Noscemus GM 3.0(htr_id=26395)::::v=2.6.7
prov=University of Rostock/Institute of Mathematics/CITlab|PLANET AI GmbH/Tobias Gruening/tobias.gruening@planet-ai.de:name=de.uros.citlab.module.baseline2polygon.B2PSeamMultiOriented:v=2.6.7
prov=University of Rostock/Institute of Mathematics/CITlab|PLANET AI GmbH/Tobias Gruening/tobias.gruening@planet-ai.de:name=/net_tf/LA73_249_0mod360.pb:de.uros.citlab.segmentation.CITlab_LA_ML:v=2.6.7
Transkribus</Creator>
        <Created>2020-11-18T17:24:27.463+01:00</Created>
        <LastChange>2021-05-12T08:12:46.553+02:00</LastChange>
        <TranskribusMetadata docId="541177" pageId="22777138" pageNr="4" tsid="57766590" status="GT" userId="78683" imgUrl="https://files.transkribus.eu/Get?id=IBGRNAFFTASPDXSSZUMTEORI&amp;fileType=view" xmlUrl="https://files.transkribus.eu/Get?id=HAINCUJZUZASTXJSXNSMYTUJ" imageId="17757257"/>
    </Metadata>
    <Page imageFilename="agtck_1834_02_00018.tif" imageWidth="1280" imageHeight="2354">
        <ReadingOrder>
            <OrderedGroup id="ro_1626328269241" caption="Regions reading order">
                <RegionRefIndexed index="0" regionRef="r1"/>
            </OrderedGroup>
        </ReadingOrder>
        <TextRegion orientation="0.0" id="r1" custom="readingOrder {index:0;}">
            <Coords points="55,107 55,2272 1109,2272 1109,107"/>
            <TextLine id="r1l1" custom="readingOrder {index:0;}">
                <Coords points="1054,147 1081,147 1108,147 1108,107 1081,107 1054,107"/>
                <Baseline points="1054,134 1081,134 1108,134"/>
                <TextEquiv>
                    <Unicode>15</Unicode>
                </TextEquiv>
            </TextLine>
            <TextLine id="r1l2" custom="readingOrder {index:1;}">
                <Coords points="103,196 153,200 203,204 253,207 304,210 354,212 404,214 455,216 505,217 555,219 606,220 656,221 706,222 756,223 807,224 857,226 907,228 958,230 1008,233 1058,236 1109,240 1109,203 1058,199 1008,196 958,193 907,191 857,189 807,187 756,186 706,185 656,184 606,183 555,182 505,180 455,179 404,177 354,175 304,173 253,170 203,167 153,163 103,159"/>
                <Baseline points="103,184 153,188 203,192 253,195 304,198 354,200 404,202 455,204 505,205 555,207 606,208 656,209 706,210 756,211 807,212 857,214 907,216 958,218 1008,221 1058,224 1109,228"/>
                <TextEquiv>
                    <Unicode>chiſche Urſchrift iſt vielleicht noch auf der St. Marcus⸗</Unicode>
                </TextEquiv>
            </TextLine>
            <TextLine id="r1l3" custom="readingOrder {index:2;}">
                <Coords points="106,248 131,252 157,256 182,259 208,261 233,263 259,265 284,266 310,267 335,268 361,269 386,269 412,270 437,270 463,271 489,272 489,235 463,234 437,233 412,233 386,232 361,232 335,231 310,230 284,229 259,228 233,226 208,224 182,222 157,219 131,215 106,211"/>
                <Baseline points="106,236 131,240 157,244 182,247 208,249 233,251 259,253 284,254 310,255 335,256 361,257 386,257 412,258 437,258 463,259 489,260"/>
                <TextEquiv>
                    <Unicode>Bibliothek vorhanden.</Unicode>
                </TextEquiv>
            </TextLine>
            <TextLine id="r1l4" custom="readingOrder {index:3;}">
                <Coords points="187,320 232,322 277,324 323,325 368,327 414,328 459,329 504,330 550,331 595,332 641,333 686,333 731,334 777,335 822,336 868,338 913,340 958,341 1004,344 1049,347 1095,350 1095,310 1049,307 1004,304 958,301 913,300 868,298 822,296 777,295 731,294 686,293 641,293 595,292 550,291 504,290 459,289 414,288 368,287 323,285 277,284 232,282 187,280"/>
                <Baseline points="187,307 232,309 277,311 323,312 368,314 414,315 459,316 504,317 550,318 595,319 641,320 686,320 731,321 777,322 822,323 868,325 913,327 958,328 1004,331 1049,334 1095,337"/>
                <TextEquiv>
                    <Unicode>Im zweiten Theile dieſes hochwichtigen Werkes</Unicode>
                </TextEquiv>
            </TextLine>
            <TextLine id="r1l5" custom="readingOrder {index:4;}">
                <Coords points="99,366 149,371 200,374 250,377 301,380 351,383 402,385 452,386 503,387 553,388 604,390 654,391 705,391 755,393 806,394 856,395 907,397 957,399 1008,401 1058,404 1109,408 1109,368 1058,364 1008,361 957,359 907,357 856,355 806,354 755,353 705,351 654,351 604,350 553,348 503,347 452,346 402,345 351,343 301,340 250,337 200,334 149,331 99,326"/>
                <Baseline points="99,353 149,358 200,361 250,364 301,367 351,370 402,372 452,373 503,374 553,375 604,377 654,378 705,378 755,380 806,381 856,382 907,384 957,386 1008,388 1058,391 1109,395"/>
                <TextEquiv>
                    <Unicode>werden wir die apokryphiſchen Apoſtelgeſchichten, Epiſteln</Unicode>
                </TextEquiv>
            </TextLine>
            <TextLine id="r1l6" custom="readingOrder {index:5;}">
                <Coords points="102,422 152,427 202,431 252,435 302,437 352,440 402,442 453,443 503,444 553,446 603,446 653,447 703,448 753,449 804,450 854,451 904,453 954,455 1004,457 1054,460 1105,463 1105,423 1054,420 1004,417 954,415 904,413 854,411 804,410 753,409 703,408 653,407 603,406 553,406 503,404 453,403 402,402 352,400 302,397 252,395 202,391 152,387 102,382"/>
                <Baseline points="102,409 152,414 202,418 252,422 302,424 352,427 402,429 453,430 503,431 553,433 603,433 653,434 703,435 753,436 804,437 854,438 904,440 954,442 1004,444 1054,447 1105,450"/>
                <TextEquiv>
                    <Unicode>und Apokalypſen erhalten. Im dritten Theile aber</Unicode>
                </TextEquiv>
            </TextLine>
            <TextLine id="r1l7" custom="readingOrder {index:6;}">
                <Coords points="97,479 146,483 196,487 246,490 296,492 346,495 395,497 445,498 495,500 545,501 595,502 644,503 694,504 744,506 794,507 844,508 893,509 943,511 993,512 1043,514 1093,516 1093,476 1043,474 993,472 943,471 893,469 844,468 794,467 744,466 694,464 644,463 595,462 545,461 495,460 445,458 395,457 346,455 296,452 246,450 196,447 146,443 97,439"/>
                <Baseline points="97,466 146,470 196,474 246,477 296,479 346,482 395,484 445,485 495,487 545,488 595,489 644,490 694,491 744,493 794,494 844,495 893,496 943,498 993,499 1043,501 1093,503"/>
                <TextEquiv>
                    <Unicode>haben wir die hiſtoriſch-kritiſchen Unterſuchungen, wel⸗</Unicode>
                </TextEquiv>
            </TextLine>
            <TextLine id="r1l8" custom="readingOrder {index:7;}">
                <Coords points="101,535 150,539 200,543 250,547 300,550 350,552 399,554 449,555 499,557 549,558 599,559 648,559 698,560 748,561 798,562 848,563 897,564 947,566 997,567 1047,569 1097,572 1097,535 1047,532 997,530 947,529 897,527 848,526 798,525 748,524 698,523 648,522 599,522 549,521 499,520 449,518 399,517 350,515 300,513 250,510 200,506 150,502 101,498"/>
                <Baseline points="101,523 150,527 200,531 250,535 300,538 350,540 399,542 449,543 499,545 549,546 599,547 648,547 698,548 748,549 798,550 848,551 897,552 947,554 997,555 1047,557 1097,560"/>
                <TextEquiv>
                    <Unicode>che die generelle und ſpecielle Einleitung zu den Apo⸗</Unicode>
                </TextEquiv>
            </TextLine>
            <TextLine id="r1l9" custom="readingOrder {index:8;}">
                <Coords points="95,586 145,591 195,596 245,600 295,603 345,606 395,609 445,611 495,613 545,614 595,615 645,616 695,617 745,617 795,618 845,619 895,620 945,622 995,623 1045,625 1095,628 1095,591 1045,588 995,586 945,585 895,583 845,582 795,581 745,580 695,580 645,579 595,578 545,577 495,576 445,574 395,572 345,569 295,566 245,563 195,559 145,554 95,549"/>
                <Baseline points="95,574 145,579 195,584 245,588 295,591 345,594 395,597 445,599 495,601 545,602 595,603 645,604 695,605 745,605 795,606 845,607 895,608 945,610 995,611 1045,613 1095,616"/>
                <TextEquiv>
                    <Unicode>kryphen uͤberhaupt, und zu den erhaltenen und verlo⸗</Unicode>
                </TextEquiv>
            </TextLine>
            <TextLine id="r1l10" custom="readingOrder {index:9;}">
                <Coords points="95,648 145,652 195,656 245,659 295,662 345,665 395,667 445,668 495,670 545,671 595,672 645,673 695,674 745,674 795,676 845,677 895,678 945,679 995,681 1045,684 1095,686 1095,646 1045,644 995,641 945,639 895,638 845,637 795,636 745,634 695,634 645,633 595,632 545,631 495,630 445,628 395,627 345,625 295,622 245,619 195,616 145,612 95,608"/>
                <Baseline points="95,635 145,639 195,643 245,646 295,649 345,652 395,654 445,655 495,657 545,658 595,659 645,660 695,661 745,661 795,663 845,664 895,665 945,666 995,668 1045,671 1095,673"/>
                <TextEquiv>
                    <Unicode>renen inſonderheit, ausmachen, zu erwarten. Wir ſehen</Unicode>
                </TextEquiv>
            </TextLine>
            <TextLine id="r1l11" custom="readingOrder {index:10;}">
                <Coords points="89,703 139,708 189,712 239,715 289,718 339,721 389,722 439,724 489,725 539,726 590,727 640,728 690,729 740,730 790,731 840,732 890,733 940,735 990,736 1040,739 1091,742 1091,702 1040,699 990,696 940,695 890,693 840,692 790,691 740,690 690,689 640,688 590,687 539,686 489,685 439,684 389,682 339,681 289,678 239,675 189,672 139,668 89,663"/>
                <Baseline points="89,690 139,695 189,699 239,702 289,705 339,708 389,709 439,711 489,712 539,713 590,714 640,715 690,716 740,717 790,718 840,719 890,720 940,722 990,723 1040,726 1091,729"/>
                <TextEquiv>
                    <Unicode>mit großem Intereſſe der Fortſetzung und Vollendung</Unicode>
                </TextEquiv>
            </TextLine>
            <TextLine id="r1l12" custom="readingOrder {index:11;}">
                <Coords points="91,762 141,766 191,770 241,772 292,774 342,777 392,778 443,780 493,781 543,782 594,783 644,784 694,785 744,786 795,787 845,788 895,790 946,791 996,794 1046,796 1097,799 1097,760 1046,757 996,755 946,752 895,751 845,749 795,748 744,747 694,746 644,745 594,744 543,743 493,742 443,741 392,739 342,738 292,735 241,733 191,731 141,727 91,723"/>
                <Baseline points="91,749 141,753 191,757 241,759 292,761 342,764 392,765 443,767 493,768 543,769 594,770 644,771 694,772 744,773 795,774 845,775 895,777 946,778 996,781 1046,783 1097,786"/>
                <TextEquiv>
                    <Unicode>entgegen, und wuͤnſchen dem ehrwuͤrdigen Herausgeber</Unicode>
                </TextEquiv>
            </TextLine>
            <TextLine id="r1l13" custom="readingOrder {index:12;}">
                <Coords points="89,817 138,820 188,823 238,827 288,829 338,831 388,833 438,835 488,836 538,838 588,839 637,840 687,842 737,843 787,844 837,845 887,847 937,849 987,851 1037,853 1087,856 1087,817 1037,814 987,812 937,810 887,808 837,806 787,805 737,804 687,803 637,801 588,800 538,799 488,797 438,796 388,794 338,792 288,790 238,788 188,784 138,781 89,778"/>
                <Baseline points="89,804 138,807 188,810 238,814 288,816 338,818 388,820 438,822 488,823 538,825 588,826 637,827 687,829 737,830 787,831 837,832 887,834 937,836 987,838 1037,840 1087,843"/>
                <TextEquiv>
                    <Unicode>zur Energie ſeines Willens, zur Reichhaltigkeit ſeiner</Unicode>
                </TextEquiv>
            </TextLine>
            <TextLine id="r1l14" custom="readingOrder {index:13;}">
                <Coords points="87,874 136,877 186,880 236,883 286,886 336,889 386,890 436,892 486,894 536,895 586,896 635,897 685,898 735,899 785,900 835,902 885,903 935,904 985,906 1035,908 1085,911 1085,871 1035,868 985,866 935,864 885,863 835,862 785,860 735,859 685,858 635,857 586,856 536,855 486,854 436,852 386,850 336,849 286,846 236,843 186,840 136,837 87,834"/>
                <Baseline points="87,861 136,864 186,867 236,870 286,873 336,876 386,877 436,879 486,881 536,882 586,883 635,884 685,885 735,886 785,887 835,889 885,890 935,891 985,893 1035,895 1085,898"/>
                <TextEquiv>
                    <Unicode>Gelehrſamkeit und zur Tiefe ſeines Forſcherſinnes Ge⸗</Unicode>
                </TextEquiv>
            </TextLine>
            <TextLine id="r1l15" custom="readingOrder {index:14;}">
                <Coords points="91,932 141,936 191,939 241,942 291,945 341,947 391,949 441,950 491,952 541,953 591,954 641,955 691,956 741,958 791,959 841,960 891,962 941,964 991,966 1041,968 1091,971 1091,931 1041,928 991,926 941,924 891,922 841,920 791,919 741,918 691,916 641,915 591,914 541,913 491,912 441,910 391,909 341,907 291,905 241,902 191,899 141,896 91,892"/>
                <Baseline points="91,919 141,923 191,926 241,929 291,932 341,934 391,936 441,937 491,939 541,940 591,941 641,942 691,943 741,945 791,946 841,947 891,949 941,951 991,953 1041,955 1091,958"/>
                <TextEquiv>
                    <Unicode>ſundheit und Kraft aus dem Grunde unſeres Herzens.</Unicode>
                </TextEquiv>
            </TextLine>
            <TextLine id="r1l16" custom="readingOrder {index:15;}">
                <Coords points="87,987 137,991 187,995 237,997 287,1000 337,1003 387,1005 437,1007 487,1009 537,1010 588,1012 638,1013 688,1014 738,1016 788,1016 838,1018 888,1019 938,1021 988,1022 1038,1024 1089,1027 1089,987 1038,984 988,982 938,981 888,979 838,978 788,976 738,976 688,974 638,973 588,972 537,970 487,969 437,967 387,965 337,963 287,960 237,957 187,955 137,951 87,947"/>
                <Baseline points="87,974 137,978 187,982 237,984 287,987 337,990 387,992 437,994 487,996 537,997 588,999 638,1000 688,1001 738,1003 788,1003 838,1005 888,1006 938,1008 988,1009 1038,1011 1089,1014"/>
                <TextEquiv>
                    <Unicode>Auch der Verlagshandlung gebuͤhrt dankbare und eh⸗</Unicode>
                </TextEquiv>
            </TextLine>
            <TextLine id="r1l17" custom="readingOrder {index:16;}">
                <Coords points="87,1044 136,1048 186,1051 236,1054 286,1057 336,1059 386,1061 436,1063 486,1065 536,1067 586,1068 635,1070 685,1071 735,1072 785,1074 835,1075 885,1077 935,1079 985,1081 1035,1083 1085,1085 1085,1045 1035,1043 985,1041 935,1039 885,1037 835,1035 785,1034 735,1032 685,1031 635,1030 586,1028 536,1027 486,1025 436,1023 386,1021 336,1019 286,1017 236,1014 186,1011 136,1008 87,1004"/>
                <Baseline points="87,1031 136,1035 186,1038 236,1041 286,1044 336,1046 386,1048 436,1050 486,1052 536,1054 586,1055 635,1057 685,1058 735,1059 785,1061 835,1062 885,1064 935,1066 985,1068 1035,1070 1085,1072"/>
                <TextEquiv>
                    <Unicode>renvolle Anerkennung. Denn ſie hat ſich einer Unter⸗</Unicode>
                </TextEquiv>
            </TextLine>
            <TextLine id="r1l18" custom="readingOrder {index:17;}">
                <Coords points="87,1101 136,1105 186,1108 236,1111 286,1113 336,1115 385,1118 435,1119 485,1121 535,1122 585,1124 634,1125 684,1127 734,1128 784,1130 834,1131 883,1133 933,1135 983,1137 1033,1140 1083,1143 1083,1103 1033,1100 983,1097 933,1095 883,1093 834,1091 784,1090 734,1088 684,1087 634,1085 585,1084 535,1082 485,1081 435,1079 385,1078 336,1075 286,1073 236,1071 186,1068 136,1065 87,1061"/>
                <Baseline points="87,1088 136,1092 186,1095 236,1098 286,1100 336,1102 385,1105 435,1106 485,1108 535,1109 585,1111 634,1112 684,1114 734,1115 784,1117 834,1118 883,1120 933,1122 983,1124 1033,1127 1083,1130"/>
                <TextEquiv>
                    <Unicode>nehmung unterzogen, welche keinesweges zu den das</Unicode>
                </TextEquiv>
            </TextLine>
            <TextLine id="r1l19" custom="readingOrder {index:18;}">
                <Coords points="87,1157 136,1161 186,1165 236,1168 286,1170 335,1172 385,1174 435,1176 485,1178 534,1179 584,1180 634,1182 684,1184 733,1185 783,1186 833,1188 883,1190 932,1192 982,1195 1032,1199 1082,1202 1082,1162 1032,1159 982,1155 932,1152 883,1150 833,1148 783,1146 733,1145 684,1144 634,1142 584,1140 534,1139 485,1138 435,1136 385,1134 335,1132 286,1130 236,1128 186,1125 136,1121 87,1117"/>
                <Baseline points="87,1144 136,1148 186,1152 236,1155 286,1157 335,1159 385,1161 435,1163 485,1165 534,1166 584,1167 634,1169 684,1171 733,1172 783,1173 833,1175 883,1177 932,1179 982,1182 1032,1186 1082,1189"/>
                <TextEquiv>
                    <Unicode>allgemeine Beduͤrfniß in Anſpruch nehmenden gehoͤrt,</Unicode>
                </TextEquiv>
            </TextLine>
            <TextLine id="r1l20" custom="readingOrder {index:19;}">
                <Coords points="78,1214 128,1218 178,1221 228,1224 279,1226 329,1229 379,1231 429,1233 480,1234 530,1236 580,1237 630,1238 681,1240 731,1241 781,1243 831,1245 882,1247 932,1250 982,1252 1032,1256 1083,1259 1083,1219 1032,1216 982,1212 932,1210 882,1207 831,1205 781,1203 731,1201 681,1200 630,1198 580,1197 530,1196 480,1194 429,1193 379,1191 329,1189 279,1186 228,1184 178,1181 128,1178 78,1174"/>
                <Baseline points="78,1201 128,1205 178,1208 228,1211 279,1213 329,1216 379,1218 429,1220 480,1221 530,1223 580,1224 630,1225 681,1227 731,1228 781,1230 831,1232 882,1234 932,1237 982,1239 1032,1243 1083,1246"/>
                <TextEquiv>
                    <Unicode>ſondern nur allmaͤhlich die Capitalien zuruͤckgeben wird,</Unicode>
                </TextEquiv>
            </TextLine>
            <TextLine id="r1l21" custom="readingOrder {index:20;}">
                <Coords points="79,1270 129,1274 179,1277 229,1281 279,1284 329,1286 379,1288 429,1290 479,1292 529,1293 580,1294 630,1296 680,1297 730,1298 780,1300 830,1302 880,1303 930,1306 980,1308 1030,1311 1081,1315 1081,1275 1030,1271 980,1268 930,1266 880,1263 830,1262 780,1260 730,1258 680,1257 630,1256 580,1254 529,1253 479,1252 429,1250 379,1248 329,1246 279,1244 229,1241 179,1237 129,1234 79,1230"/>
                <Baseline points="79,1257 129,1261 179,1264 229,1268 279,1271 329,1273 379,1275 429,1277 479,1279 529,1280 580,1281 630,1283 680,1284 730,1285 780,1287 830,1289 880,1290 930,1293 980,1295 1030,1298 1081,1302"/>
                <TextEquiv>
                    <Unicode>welche ſie gekoſtet. Und wie wuͤrdig und correct iſt der</Unicode>
                </TextEquiv>
            </TextLine>
            <TextLine id="r1l22" custom="readingOrder {index:21;}">
                <Coords points="83,1328 132,1332 182,1335 232,1338 282,1340 332,1343 381,1345 431,1347 481,1348 531,1350 581,1351 630,1353 680,1355 730,1356 780,1358 830,1360 879,1361 929,1363 979,1366 1029,1368 1079,1371 1079,1331 1029,1328 979,1326 929,1323 879,1321 830,1320 780,1318 730,1316 680,1315 630,1313 581,1311 531,1310 481,1308 431,1307 381,1305 332,1303 282,1300 232,1298 182,1295 132,1292 83,1288"/>
                <Baseline points="83,1315 132,1319 182,1322 232,1325 282,1327 332,1330 381,1332 431,1334 481,1335 531,1337 581,1338 630,1340 680,1342 730,1343 780,1345 830,1347 879,1348 929,1350 979,1353 1029,1355 1079,1358"/>
                <TextEquiv>
                    <Unicode>Druck ausgefuͤhrt! Ref., welcher das Werk nun faſt</Unicode>
                </TextEquiv>
            </TextLine>
            <TextLine id="r1l23" custom="readingOrder {index:22;}">
                <Coords points="81,1383 130,1388 180,1390 230,1394 280,1397 330,1400 379,1401 429,1403 479,1405 529,1408 579,1409 628,1411 678,1412 728,1414 778,1415 828,1417 877,1419 927,1421 977,1423 1027,1425 1077,1428 1077,1388 1027,1385 977,1383 927,1381 877,1379 828,1377 778,1375 728,1374 678,1372 628,1371 579,1369 529,1368 479,1365 429,1363 379,1361 330,1360 280,1357 230,1354 180,1350 130,1348 81,1343"/>
                <Baseline points="81,1370 130,1375 180,1377 230,1381 280,1384 330,1387 379,1388 429,1390 479,1392 529,1395 579,1396 628,1398 678,1399 728,1401 778,1402 828,1404 877,1406 927,1408 977,1410 1027,1412 1077,1415"/>
                <TextEquiv>
                    <Unicode>ein Jahr lang, beſonders bei ſeinen eregetiſchen Arbei⸗</Unicode>
                </TextEquiv>
            </TextLine>
            <TextLine id="r1l24" custom="readingOrder {index:23;}">
                <Coords points="77,1440 126,1443 176,1447 226,1450 276,1453 326,1455 376,1458 426,1460 476,1462 526,1464 576,1466 625,1467 675,1469 725,1471 775,1472 825,1474 875,1476 925,1478 975,1480 1025,1482 1075,1485 1075,1446 1025,1443 975,1441 925,1439 875,1437 825,1435 775,1433 725,1432 675,1430 625,1428 576,1427 526,1425 476,1423 426,1421 376,1419 326,1416 276,1414 226,1411 176,1408 126,1404 77,1401"/>
                <Baseline points="77,1427 126,1430 176,1434 226,1437 276,1440 326,1442 376,1445 426,1447 476,1449 526,1451 576,1453 625,1454 675,1456 725,1458 775,1459 825,1461 875,1463 925,1465 975,1467 1025,1469 1075,1472"/>
                <TextEquiv>
                    <Unicode>ten, im Gebrauche hat, hat noch nicht einen einzigen</Unicode>
                </TextEquiv>
            </TextLine>
            <TextLine id="r1l25" custom="readingOrder {index:24;}">
                <Coords points="81,1496 130,1500 180,1504 230,1507 279,1510 329,1513 379,1515 428,1517 478,1520 528,1522 578,1523 627,1525 677,1527 727,1528 776,1529 826,1531 876,1532 925,1534 975,1536 1025,1537 1075,1539 1075,1500 1025,1498 975,1497 925,1495 876,1493 826,1492 776,1490 727,1489 677,1488 627,1486 578,1484 528,1483 478,1481 428,1478 379,1476 329,1474 279,1471 230,1468 180,1465 130,1461 81,1457"/>
                <Baseline points="81,1483 130,1487 180,1491 230,1494 279,1497 329,1500 379,1502 428,1504 478,1507 528,1509 578,1510 627,1512 677,1514 727,1515 776,1516 826,1518 876,1519 925,1521 975,1523 1025,1524 1075,1526"/>
                <TextEquiv>
                    <Unicode>ſinnentſtellenden Druckfehler gefunden. Eine ſeltene Er⸗</Unicode>
                </TextEquiv>
            </TextLine>
            <TextLine id="r1l26" custom="readingOrder {index:25;}">
                <Coords points="80,1554 105,1557 131,1558 157,1560 183,1562 209,1564 235,1565 260,1567 286,1568 312,1569 338,1570 364,1572 390,1573 415,1574 441,1575 467,1576 493,1576 519,1577 545,1578 571,1579 571,1539 545,1538 519,1537 493,1536 467,1536 441,1535 415,1534 390,1533 364,1532 338,1530 312,1529 286,1528 260,1527 235,1525 209,1524 183,1522 157,1520 131,1518 105,1517 80,1514"/>
                <Baseline points="80,1541 105,1544 131,1545 157,1547 183,1549 209,1551 235,1552 260,1554 286,1555 312,1556 338,1557 364,1559 390,1560 415,1561 441,1562 467,1563 493,1563 519,1564 545,1565 571,1566"/>
                <TextEquiv>
                    <Unicode>ſcheinung in unſern Tagen!</Unicode>
                </TextEquiv>
            </TextLine>
            <TextLine id="r1l27" custom="readingOrder {index:26;}">
                <Coords points="155,1616 201,1619 248,1621 294,1624 341,1626 387,1628 434,1630 480,1632 527,1634 573,1635 620,1637 666,1638 713,1640 759,1641 806,1643 852,1644 899,1646 945,1647 992,1649 1038,1651 1085,1652 1085,1612 1038,1611 992,1609 945,1607 899,1606 852,1604 806,1603 759,1601 713,1600 666,1598 620,1597 573,1595 527,1594 480,1592 434,1590 387,1588 341,1586 294,1584 248,1581 201,1579 155,1576"/>
                <Baseline points="155,1603 201,1606 248,1608 294,1611 341,1613 387,1615 434,1617 480,1619 527,1621 573,1622 620,1624 666,1625 713,1627 759,1628 806,1630 852,1631 899,1633 945,1634 992,1636 1038,1638 1085,1639"/>
                <TextEquiv>
                    <Unicode>Hochwichtig nannten wir das Werk. So iſt es</Unicode>
                </TextEquiv>
            </TextLine>
            <TextLine id="r1l28" custom="readingOrder {index:27;}">
                <Coords points="75,1662 125,1668 175,1672 225,1677 276,1680 326,1683 376,1686 427,1688 477,1690 527,1691 578,1693 628,1694 678,1696 728,1697 779,1698 829,1699 879,1701 930,1703 980,1705 1030,1707 1081,1710 1081,1670 1030,1667 980,1665 930,1663 879,1661 829,1659 779,1658 728,1657 678,1656 628,1654 578,1653 527,1651 477,1650 427,1648 376,1646 326,1643 276,1640 225,1637 175,1632 125,1628 75,1622"/>
                <Baseline points="75,1649 125,1655 175,1659 225,1664 276,1667 326,1670 376,1673 427,1675 477,1677 527,1678 578,1680 628,1681 678,1683 728,1684 779,1685 829,1686 879,1688 930,1690 980,1692 1030,1694 1081,1697"/>
                <TextEquiv>
                    <Unicode>beſonders fuͤr den Exegeten und Kritiker, fuͤr den For⸗</Unicode>
                </TextEquiv>
            </TextLine>
            <TextLine id="r1l29" custom="readingOrder {index:28;}">
                <Coords points="81,1719 131,1724 181,1729 231,1732 281,1736 331,1738 381,1741 431,1743 481,1745 531,1747 581,1749 631,1750 681,1751 731,1753 781,1754 831,1756 881,1758 931,1760 981,1762 1031,1766 1081,1769 1081,1729 1031,1726 981,1722 931,1720 881,1718 831,1716 781,1714 731,1713 681,1711 631,1710 581,1709 531,1707 481,1705 431,1703 381,1701 331,1698 281,1696 231,1692 181,1689 131,1684 81,1679"/>
                <Baseline points="81,1706 131,1711 181,1716 231,1719 281,1723 331,1725 381,1728 431,1730 481,1732 531,1734 581,1736 631,1737 681,1738 731,1740 781,1741 831,1743 881,1745 931,1747 981,1749 1031,1753 1081,1756"/>
                <TextEquiv>
                    <Unicode>ſcher der Dogmatik der haͤretiſchen Secten, fuͤr den</Unicode>
                </TextEquiv>
            </TextLine>
            <TextLine id="r1l30" custom="readingOrder {index:29;}">
                <Coords points="73,1774 123,1780 174,1784 224,1789 275,1792 325,1795 376,1798 426,1800 477,1802 527,1804 578,1805 628,1807 679,1808 729,1810 780,1811 830,1813 881,1815 931,1817 982,1820 1032,1823 1083,1827 1083,1787 1032,1783 982,1780 931,1777 881,1775 830,1773 780,1771 729,1770 679,1768 628,1767 578,1765 527,1764 477,1762 426,1760 376,1758 325,1755 275,1752 224,1749 174,1744 123,1740 73,1734"/>
                <Baseline points="73,1761 123,1767 174,1771 224,1776 275,1779 325,1782 376,1785 426,1787 477,1789 527,1791 578,1792 628,1794 679,1795 729,1797 780,1798 830,1800 881,1802 931,1804 982,1807 1032,1810 1083,1814"/>
                <TextEquiv>
                    <Unicode>Pſychologen, ja fuͤr jeden Theologen, welcher unſere</Unicode>
                </TextEquiv>
            </TextLine>
            <TextLine id="r1l31" custom="readingOrder {index:30;}">
                <Coords points="75,1833 125,1837 175,1841 225,1845 275,1847 325,1850 375,1853 425,1855 475,1857 525,1859 576,1860 626,1862 676,1864 726,1866 776,1868 826,1870 876,1872 926,1875 976,1877 1026,1880 1077,1883 1077,1843 1026,1840 976,1837 926,1835 876,1832 826,1830 776,1828 726,1826 676,1824 626,1822 576,1820 525,1819 475,1817 425,1815 375,1813 325,1810 275,1807 225,1805 175,1801 125,1797 75,1793"/>
                <Baseline points="75,1820 125,1824 175,1828 225,1832 275,1834 325,1837 375,1840 425,1842 475,1844 525,1846 576,1847 626,1849 676,1851 726,1853 776,1855 826,1857 876,1859 926,1862 976,1864 1026,1867 1077,1870"/>
                <TextEquiv>
                    <Unicode>kanoniſchen Evangelien mit den apokryphiſchen Fabeln</Unicode>
                </TextEquiv>
            </TextLine>
            <TextLine id="r1l32" custom="readingOrder {index:31;}">
                <Coords points="65,1887 115,1892 165,1896 215,1900 266,1904 316,1907 366,1910 417,1912 467,1914 517,1916 568,1918 618,1920 668,1922 718,1923 769,1925 819,1926 869,1928 920,1930 970,1932 1020,1934 1071,1937 1071,1897 1020,1894 970,1892 920,1890 869,1888 819,1886 769,1885 718,1883 668,1882 618,1880 568,1878 517,1876 467,1874 417,1872 366,1870 316,1867 266,1864 215,1860 165,1856 115,1852 65,1847"/>
                <Baseline points="65,1874 115,1879 165,1883 215,1887 266,1891 316,1894 366,1897 417,1899 467,1901 517,1903 568,1905 618,1907 668,1909 718,1910 769,1912 819,1913 869,1915 920,1917 970,1919 1020,1921 1071,1924"/>
                <TextEquiv>
                    <Unicode>und widerſinnigen Fictionen vergleichen, und dadurch</Unicode>
                </TextEquiv>
            </TextLine>
            <TextLine id="r1l33" custom="readingOrder {index:32;}">
                <Coords points="68,1942 118,1947 168,1952 218,1955 268,1959 318,1962 368,1965 419,1968 469,1970 519,1972 569,1974 619,1976 669,1978 719,1979 770,1981 820,1983 870,1985 920,1987 970,1989 1020,1992 1071,1994 1071,1954 1020,1952 970,1949 920,1947 870,1945 820,1943 770,1941 719,1939 669,1938 619,1936 569,1934 519,1932 469,1930 419,1928 368,1925 318,1922 268,1919 218,1915 168,1912 118,1907 68,1902"/>
                <Baseline points="68,1929 118,1934 168,1939 218,1942 268,1946 318,1949 368,1952 419,1955 469,1957 519,1959 569,1961 619,1963 669,1965 719,1966 770,1968 820,1970 870,1972 920,1974 970,1976 1020,1979 1071,1981"/>
                <TextEquiv>
                    <Unicode>die Ehrfurcht vor jenen kraft der Wirkung des Be⸗</Unicode>
                </TextEquiv>
            </TextLine>
            <TextLine id="r1l34" custom="readingOrder {index:33;}">
                <Coords points="71,1999 121,2005 171,2009 221,2014 271,2017 321,2020 371,2024 421,2026 471,2029 521,2031 572,2033 622,2035 672,2036 722,2038 772,2040 822,2041 872,2043 922,2045 972,2047 1022,2049 1073,2051 1073,2011 1022,2009 972,2007 922,2005 872,2003 822,2001 772,2000 722,1998 672,1996 622,1995 572,1993 521,1991 471,1989 421,1986 371,1984 321,1980 271,1977 221,1974 171,1969 121,1965 71,1959"/>
                <Baseline points="71,1986 121,1992 171,1996 221,2001 271,2004 321,2007 371,2011 421,2013 471,2016 521,2018 572,2020 622,2022 672,2023 722,2025 772,2027 822,2028 872,2030 922,2032 972,2034 1022,2036 1073,2038"/>
                <TextEquiv>
                    <Unicode>trachtes befeſtigt und geſteigert ſehen wird. Uebrigens</Unicode>
                </TextEquiv>
            </TextLine>
            <TextLine id="r1l35" custom="readingOrder {index:34;}">
                <Coords points="67,2057 117,2063 167,2067 217,2071 267,2074 317,2078 367,2081 417,2083 467,2085 517,2087 567,2089 617,2091 667,2093 717,2094 767,2096 817,2097 867,2099 917,2100 967,2102 1017,2105 1067,2107 1067,2067 1017,2065 967,2062 917,2060 867,2059 817,2057 767,2056 717,2054 667,2053 617,2051 567,2049 517,2047 467,2045 417,2043 367,2041 317,2038 267,2034 217,2031 167,2027 117,2023 67,2017"/>
                <Baseline points="67,2044 117,2050 167,2054 217,2058 267,2061 317,2065 367,2068 417,2070 467,2072 517,2074 567,2076 617,2078 667,2080 717,2081 767,2083 817,2084 867,2086 917,2087 967,2089 1017,2092 1067,2094"/>
                <TextEquiv>
                    <Unicode>findet ſich auch in den Apokryphen ſo manches Wort,</Unicode>
                </TextEquiv>
            </TextLine>
            <TextLine id="r1l36" custom="readingOrder {index:35;}">
                <Coords points="65,2113 114,2117 164,2123 214,2127 264,2131 314,2134 364,2137 414,2139 464,2142 514,2144 564,2146 613,2147 663,2148 713,2150 763,2152 813,2153 863,2155 913,2157 963,2158 1013,2161 1063,2163 1063,2124 1013,2122 963,2119 913,2118 863,2116 813,2114 763,2113 713,2111 663,2109 613,2108 564,2107 514,2105 464,2103 414,2100 364,2098 314,2095 264,2092 214,2088 164,2084 114,2078 65,2074"/>
                <Baseline points="65,2100 114,2104 164,2110 214,2114 264,2118 314,2121 364,2124 414,2126 464,2129 514,2131 564,2133 613,2134 663,2135 713,2137 763,2139 813,2140 863,2142 913,2144 963,2145 1013,2148 1063,2150"/>
                <TextEquiv>
                    <Unicode>welches Jeſu und ſeines Geiſtes vollkommen wuͤrdig iſt,</Unicode>
                </TextEquiv>
            </TextLine>
            <TextLine id="r1l37" custom="readingOrder {index:36;}">
                <Coords points="65,2169 115,2174 165,2178 215,2183 266,2186 316,2190 366,2193 417,2196 467,2199 517,2201 568,2203 618,2205 668,2207 718,2208 769,2210 819,2211 869,2212 920,2213 970,2214 1020,2215 1071,2216 1071,2177 1020,2176 970,2175 920,2174 869,2173 819,2172 769,2171 718,2169 668,2168 618,2166 568,2164 517,2162 467,2160 417,2157 366,2154 316,2151 266,2147 215,2144 165,2139 115,2135 65,2130"/>
                <Baseline points="65,2156 115,2161 165,2165 215,2170 266,2173 316,2177 366,2180 417,2183 467,2186 517,2188 568,2190 618,2192 668,2194 718,2195 769,2197 819,2198 869,2199 920,2200 970,2201 1020,2202 1071,2203"/>
                <TextEquiv>
                    <Unicode>und allerdings aus muͤndlicher Tradition ſeiner Lehre</Unicode>
                </TextEquiv>
            </TextLine>
            <TextLine id="r1l38" custom="readingOrder {index:37;}">
                <Coords points="55,2223 105,2230 156,2235 207,2241 257,2245 308,2249 359,2253 409,2255 460,2258 511,2260 562,2262 612,2264 663,2265 714,2267 764,2267 815,2268 866,2269 916,2270 967,2271 1018,2271 1069,2272 1069,2232 1018,2231 967,2231 916,2230 866,2229 815,2228 764,2227 714,2227 663,2225 612,2224 562,2222 511,2220 460,2218 409,2215 359,2213 308,2209 257,2205 207,2201 156,2195 105,2190 55,2183"/>
                <Baseline points="55,2210 105,2217 156,2222 207,2228 257,2232 308,2236 359,2240 409,2242 460,2245 511,2247 562,2249 612,2251 663,2252 714,2254 764,2254 815,2255 866,2256 916,2257 967,2258 1018,2258 1069,2259"/>
                <TextEquiv>
                    <Unicode>herruͤhren kann. Auch in dieſer Hinſicht iſt die Wich⸗</Unicode>
                </TextEquiv>
            </TextLine>
            <TextEquiv>
                <Unicode>15
chiſche Urſchrift iſt vielleicht noch auf der St. Marcus⸗
Bibliothek vorhanden.
Im zweiten Theile dieſes hochwichtigen Werkes
werden wir die apokryphiſchen Apoſtelgeſchichten, Epiſteln
und Apokalypſen erhalten. Im dritten Theile aber
haben wir die hiſtoriſch-kritiſchen Unterſuchungen, wel⸗
che die generelle und ſpecielle Einleitung zu den Apo⸗
kryphen uͤberhaupt, und zu den erhaltenen und verlo⸗
renen inſonderheit, ausmachen, zu erwarten. Wir ſehen
mit großem Intereſſe der Fortſetzung und Vollendung
entgegen, und wuͤnſchen dem ehrwuͤrdigen Herausgeber
zur Energie ſeines Willens, zur Reichhaltigkeit ſeiner
Gelehrſamkeit und zur Tiefe ſeines Forſcherſinnes Ge⸗
ſundheit und Kraft aus dem Grunde unſeres Herzens.
Auch der Verlagshandlung gebuͤhrt dankbare und eh⸗
renvolle Anerkennung. Denn ſie hat ſich einer Unter⸗
nehmung unterzogen, welche keinesweges zu den das
allgemeine Beduͤrfniß in Anſpruch nehmenden gehoͤrt,
ſondern nur allmaͤhlich die Capitalien zuruͤckgeben wird,
welche ſie gekoſtet. Und wie wuͤrdig und correct iſt der
Druck ausgefuͤhrt! Ref., welcher das Werk nun faſt
ein Jahr lang, beſonders bei ſeinen eregetiſchen Arbei⸗
ten, im Gebrauche hat, hat noch nicht einen einzigen
ſinnentſtellenden Druckfehler gefunden. Eine ſeltene Er⸗
ſcheinung in unſern Tagen!
Hochwichtig nannten wir das Werk. So iſt es
beſonders fuͤr den Exegeten und Kritiker, fuͤr den For⸗
ſcher der Dogmatik der haͤretiſchen Secten, fuͤr den
Pſychologen, ja fuͤr jeden Theologen, welcher unſere
kanoniſchen Evangelien mit den apokryphiſchen Fabeln
und widerſinnigen Fictionen vergleichen, und dadurch
die Ehrfurcht vor jenen kraft der Wirkung des Be⸗
trachtes befeſtigt und geſteigert ſehen wird. Uebrigens
findet ſich auch in den Apokryphen ſo manches Wort,
welches Jeſu und ſeines Geiſtes vollkommen wuͤrdig iſt,
und allerdings aus muͤndlicher Tradition ſeiner Lehre
herruͤhren kann. Auch in dieſer Hinſicht iſt die Wich⸗</Unicode>
            </TextEquiv>
        </TextRegion>
    </Page>
</PcGts>
