1283 2356
513 160 1053 200 Inhalts⸗Anzeige.
405 290 672 327 I. Literatur.
298 335 1095 379 W. Benecke, der Brief Pauli an die Roͤmer, er⸗
376 371 480 405 laͤutert. . . . . . . . 211
306 403 1098 447 R. Klotz, Clementis Alex. opera omnia. Vol. III. 226
306 440 1097 484 J. P. Gerlach, Fides oder die Religionen u. Culte
374 477 1095 521 der bekannteſten Voͤlker der Erde ꝛc. 2r. Bd.
374 511 505 546 (Schluß.) . . . . . . . .228
304 520 1097 589 H. G. M. Rettig, die freie proteſt. Kirche, oder
371 582 1097 624 die kirchlichen Verfaſſungsgrundſaͤtze des Evan⸗
373 616 652 652 geliums. (Schluß.) . . . . . .242
302 650 1093 693 F. Gebhardt, vollſtaͤndige Sammlung von An⸗
368 687 1094 729 reden u. Gebeten fuͤr die deutſche prot. Kirche ꝛc. 255
400 746 1099 792 II. Wiſſenſchaftliche Abhandlungen
461 784 723 822 und Aufſaͤtze.
294 828 1090 871 Haben die Verfaſſer der Denkwuͤrdigkeiten Jeſu, u.
365 865 1093 906 die Apoſtel von ihrer Individualitaͤt u. ihren
362 900 1095 941 juͤdiſch⸗modificirten Anſichten befangen, manches
362 935 1089 975 Fremdartige ꝛc. in ihre chriſtl. Darſtellungen hin⸗
362 969 1023 1011 eingetragen ꝛc.? Von E. Wickenhoͤfer. . 262
288 1001 1083 1046 Ueber die Wunder Jeſu. Etwas fuͤr Supernatura⸗
364 1037 1013 1085 liſten u. Rationaliſten. Von M. Stein. . 284
286 1072 930 1115 Das Urevangelium. Von Dr. Kochen. . .298
387 1132 710 1173 III. Miscellen.
298 1184 1089 1227 Pierpaolo Vergerio, Biſchof v. Capod'Iſtria ꝛc., an
357 1220 1085 1262 Pabſt Paul IV. uͤb. die Wiederherſtellung des
346 1255 934 1301 Concils zu Trient. (Fortſetzung.). . . 306
1124 248 1205 301 Seite.
