1301 2357
422 209 1004 248 Inhalts⸗Anzeige.
360 347 625 380 I. Literatur.
262 388 1066 429 G. W. Hengſtenberg, Chriſtologie des A. T.
323 422 1066 461 und Comment. uͤb. die Meſſian. Weiſſagungen
328 453 1170 496 der Propheten. II. Theils 1. u. 2. Abth. . 1
259 489 1058 535 J. C. Thilo, Codex apocryphus N. T. E libris
329 527 1053 564 editis et manuscriptis, maxime Gallicanis etc.
331 556 1180 600 collectus, recensitus etc. . . . . 12
259 597 1066 635 R. Stier, Kurzer Grundriß einer bibliſchen Keryk⸗
324 631 1064 673 tik, oder einer Anweiſung, durch das Wort Got⸗
332 660 1186 707 tes ſich zur Predigtkunſt zu bilden ꝛc. . . 10
262 699 1062 740 Wohlfarth, Ueber die Bedeutung und die Fol⸗
333 738 1060 777 gen des Streites zwiſchen Nationalism., Super⸗
336 765 1188 811 naturalism. u. Myſticism. . . . . 24
263 806 1066 847 F. J. Ehr. Schwarz, Erziehungslehre. Zweite
332 835 1175 879 durchaus umgearb., verb. Aufl. 3 Bde. . 32
259 876 1064 915 Derſelbe, die Schulen. Die verſchiedenen Arten der
333 902 1190 948 Schulen, ihre innern und aͤußern Verhaͤltniſſe ꝛc. 32
357 972 1068 1006 II. Wiſſenſchaftliche Abhandlungen
422 1009 692 1042 und Aufſätze.
256 1053 1064 1090 Ueber die neueren pantheiſtiſchen Richtungen in der
326 1086 1072 1124 chriſtl. Dogmatik mit beſonderer Bezugnahme auf
334 1110 1179 1159 den prakt. Theologen. Von Fr. Feldmann. 39
261 1151 1165 1196 Ueber die Auctoritaͤt der Apoſtel. V. Hl. (Schluß.) 59
263 1192 1064 1231 Ueber Roͤm. VII, 1., als Beitrag zur Entſcheidung
334 1231 1070 1276 der Frage, ob zu den Worten έφ’ ύσον Xρό⸗
335 1276 1074 1316 νον ζῃ; ὁ ἄνθρωπoς oder ὁ νόμος zu
336 1315 1074 1354 ergaͤnzen ſey. Von Dr. E. Köllner in Goͤt⸗
334 1344 1189 1387 tingen. . . . . . . . . . 59
264 1388 1074 1421 Verſchiedene Grabreden von Geiſtlichen. Welche zu
333 1412 1178 1452 wuͤnſchen? Von Klkrz. . . . . 68
267 1455 1074 1495 Erwiederung auf d. Bemerkungen, welche im Juni⸗
334 1493 1062 1527 Hefte 1833 dieſer Annalen uͤber d. Beantwortung
339 1525 1071 1564 der Preisfrage v. J. 1832 gemacht wurden. Von
335 1557 1187 1601 Pfr. Guth. . . . . . . .  79
371 1626 682 1659 III. Miscellen.
267 1669 1078 1708 Praktiſche Schriftauslegung von D. Heydenreich
344 1698 1175 1742 uͤber Mark. 9, 14—32. . . . . . 85
261 1738 1072 1776 Pierpaolo Vergerio, Biſchof v. Capo d'Iſtria ꝛc., an
341 1771 1071 1810 Papſt Paul IV. uͤb. d. Wiederherſtellung des
335 1801 1190 1846 Concils zu Trient. . . . . . .  96
270 1839 1191 1884 Orthographiſche Frage ꝛc. . . . . . . 111
