1249 2354
983 101 1055 145 295
53 176 1055 232 denden anſtellte, bald ohne eine ſolche ihn geſund
57 233 1059 291 machte, zu der einen Zeit gen Himmel ſah und betete,
55 292 1047 347 zu einer andern aber dieſes unterlaſſen zu muͤſſen glaubte.
55 346 1047 402 So unabhaͤngig erſcheint hier der Erloͤſer von den Men¬
53 401 1051 459 ſchen, daß er mit ſeinem allwiſſenden Auge es allein
51 458 1043 513 entdeckte, unter welcher Form jedesmal ſeine Wunder
55 513 1045 571 hervortreten ſollten. Zu einer ſolchen Unabhaͤngigkeit
53 571 1053 626 gehoͤrt endlich noch die Anweiſung, mit welcher die
51 625 1041 685 Geheilten entlaſſen wurden. Einigen von ihnen wurde
49 680 1045 741 die Beobachtung beſtehender Geſetze (Matth. 8, 4.) vor⸗
49 738 1037 796 geſchrieben, waͤhrend ſie andern erlaſſen wurde. Eben
51 795 1043 852 ſo erhielten Manche den Auftrag, die Wunder gar nicht
51 851 1041 911 bekannt zu machen, waͤhrend Andere an einer ſolchen
41 903 1039 969 Bekanntmachung im mindeſten nicht gehindert wurden.
39 962 1039 1024 Hält man ſich nicht an dieſe voͤllige Unabhaͤngigkeit
35 1017 1043 1080 Chriſti, ſo kann man in einzelne Wunder, wer weiß
41 1072 1033 1137 was, hineinlegen, und auch alles aus ihnen heraus⸗
43 1126 261 1184 demonſtriren.
49 1186 1035 1250 Wir eilen zu der letzten Frage: Wie hat ſich Je⸗
39 1240 1035 1304 ſus ſelbſt uͤber ſeine außerordentlichen Thaten erklaͤrt?
39 1296 1031 1363 Hier muͤſſen zuvoͤrderſt die verſchiedenen Aeußerungen,
41 1350 1029 1418 wie ſie ſich in den Stellen der Evangeliſten finden,
37 1405 1027 1471 claſſificirt, und darnach dann unſere Urtheile beſtimmt
35 1460 1031 1528 werden. Wir machen mit ſolchen Stellen den Anfang,
37 1516 1023 1583 in denen der Heiland ſelbst ſeine Wunder herabzuſetzen
43 1574 1033 1640 ſcheint, denn waͤre dieſes mehr, als Schein, ſo wuͤrden
39 1629 1027 1695 natuͤrlich ſeine uͤbrigen Ausſpruͤche uͤber dieſen Gegen⸗
33 1682 610 1748 ſtand ihre Beweiskraft verlieren.
113 1751 1027 1812 Halten wir uns aber an die bekannte Stelle Joh.
39 1797 1033 1865 4, 48., ſo iſt dieſe allerdings um ſo auffallender, als
34 1850 1027 1921 Jeſus nur erſt ein Wunder, Joh. 2, 1—11., verrichtet
31 1905 1025 1979 hatte. Hieraus geht nun aber auch gleich hervor, daß
39 1961 1029 2032 Chriſtus eine ſolche Aeußerung keineswegs mit Bezie⸗
35 2017 1031 2090 hung auf ſeine Wunder uͤberhaupt, ſondern nur mit
33 2070 1027 2147 Beziehung auf den vorliegenden Fall, wo ſein Auge
40 2127 1023 2204 genau das Herz des Hauptmanns durchſchaute, thun
35 2181 1025 2263 wollte. Und dieſer erſcheint wirklich in einer ganz an⸗
