1284 2357
187 86 251 130 24
572 209 839 260 Polemik.
200 325 1196 385 Ueber die Bedeutung und die Folgen des Streites
281 389 1200 451 zwiſchen Rationalismus, Supernaturalismus und
278 454 1200 515 Myſticismus. Zur Beruhigung aller denkenden
280 519 1200 578 Verehrer Jeſu, welchen dieſer Streit ein Anſtoß
278 583 1198 645 iſt. Von Dr. Wohlfarth. Halle, bei Carl Au⸗
288 662 876 712 guſt Kummel. 1833. (6 gr.)
294 740 1204 802 Der auf dem Felde der Theologie ruͤhmlichſt be⸗
202 798 1204 859 kannte Verfaſſer vorliegender Schrift hat in derſelben
220 857 1206 915 einen fuͤr die gegenwaͤrtige, auch in religioͤſer Hin⸗
222 914 1208 970 ſicht ſehr bewegte, Zeit uͤberaus wichtigen Stoff zur
212 968 1208 1028 Bearbeitung ſich auserwaͤhlet, und ſich die Aufgabe
215 1024 1204 1086 geſtellet, diejenigen zu beruhigen, die dem hochwichtigen
210 1077 1208 1141 und noch lange nicht vollendeten Kampf zwiſchen Na⸗
218 1134 1202 1196 tionaliſten, Supernaturaliſten und Myſtikern, der da⸗
218 1190 1208 1254 durch auch eine allgemeine Wichtigkeit gewonnen hat,
218 1246 1200 1312 daß die Letztern ihn abſichtlich vor das Forum, ſelbſt
218 1304 1200 1370 des niedern, urtheilsloſen Volkes herabgezogen haben,
214 1354 1144 1421 — das ſprechendſte Zeichen ihrer Ohnmacht und Schwaͤ⸗
216 1415 1200 1482 che — nicht ohne Sorge fuͤr ihre religioͤſe Ueberzeugung
223 1467 1208 1542 zuſehen. Dadurch eben, daß man auch die Laien in
218 1522 1216 1596 der Theologie zu Zuſchauern, Helfern und Richtern in
218 1576 1216 1652 dieſem Kampfe aufgereget hat, iſt das Verlangen bei
224 1631 1218 1709 dem fortdauernden Fuͤr und Wider in dieſer ſchon an
226 1688 1212 1764 ſich wichtigen Sache nach Wahrheit, bei den großen
224 1743 1210 1819 Bewegungen der Meinungen, die wie Wellen des ſtuͤr⸗
224 1798 1212 1875 miſchen Meeres an einander ſchlagen, nach einem ſichern⸗
222 1853 1220 1929 den Hafen, in dem man ruhiger des Sturmes Ende
224 1912 1218 1984 erwarten kann, in ſofern ein allgemeines geworden,
228 1963 1222 2042 als es nicht nur die Maͤnner von Wiſſenſchaft, und
230 2019 1220 2101 unter ihnen die Lehrer der Religion, ſondern uͤberhaupt
227 2074 1220 2161 jeden beſchaͤftiget, der das Beduͤrfniß nach ſichernden
226 2128 1228 2221 religioͤſen Ueberzeugungen in ſich fuͤhlt. Dieſem Ver⸗
