1279 2354
84 889 132 1043 1.
310 657 861 709 Literatur.
332 850 834 901 Bibliſche Literatur.
168 961 1096 1018 Chriſtologie des Alten Teſtaments und Com⸗
150 1028 1094 1081 mentar uͤber die Meſſianiſchen Weiſſagungen
158 1092 1086 1145 der Propheten. Von E. W. Hengſtenberg.
162 1157 1083 1209 Zweiten Theiles erſte und zweite Abtheilung,
153 1221 1086 1273 enthaltend Sacharjah und Daniel. Berlin
157 1285 1088 1340 bei L. Oehmigke. 1832. gr. 8. S. IV. u. 581.
152 1352 460 1405 (2 Thlr. 4 gr.)
83 1442 1089 1496 Herr D. Hengſtenberg hat im erſten Theile ſei⸗
89 1501 1085 1552 ner Schrift die allgemeine Vorbereitung zu einer Chri⸗
81 1557 1085 1609 ſtologie des A. und N. Bundes gegeben. Darauf laͤßt
77 1613 1089 1664 er eine Geſchichte der meſſianiſchen Weiſſagungen bei
83 1668 1086 1720 den Hebraͤern folgen, wobei er zuerſt die meſſianiſchen
81 1724 1081 1778 Weiſſagungen im Pentateuch, dann in den Pſalmen,
83 1780 1087 1834 dann im Allgemeinen bei den Propheten betrachtet.
79 1833 1081 1891 Hieran knuͤpft er einige Kapitel uͤber die Gottheit des
83 1892 1083 1948 Meſſias, uͤber den leidenden und buͤßenden Meſſias im
83 1950 1087 2004 A. T., uͤber die Beſchaffenheit der Weiſſagung, uͤber
77 2005 1085 2059 Beweismittel der Meſſianitaͤt der einzelnen Stellen und
77 2062 1077 2116 Literatur der meſſianiſchen Weiſſagungen. Die zweite
73 2115 1079 2174 Abtheilung dieſes erſten Theils enthaͤlt die meſſian.
77 2170 1081 2233 Weiſſagungen des Jeſaias, im ganzen Umfange betrach⸗
73 2231 1081 2289 tet. Der zweite, eben angezeigte Haupttheil giebt
101 2283 876 2336 IVJahrg. 2 Bds. I Hft. A
