1249 2354
984 94 1056 130 303
56 175 1053 227 — denn wo ſie alle woͤrtlich uͤbereinſtimmen, macht ſich
59 236 1057 283 der Urtert von ſelbſt —, ſo muß die rein⸗kritiſche
56 288 1058 341 Synopſe aushelfen, und derjenige Ausdruck oder die⸗
64 350 1056 396 jenige grammatiſche Form ſach⸗ und ſprach⸗kundig er⸗
63 405 1051 452 forſcht und wieder hergeſtellt werden, welche dem eigen⸗
56 461 1056 509 thuͤmlichen Geiſte und Zwecke Jeſu — wie derſelbe
60 517 1026 565 aus andern aͤhnlichen oder Parallelſtellen hervorgeht —
60 574 1052 621 und der anerkannten eigenthuͤmlichen Sprach⸗
59 630 1057 678 weiſe Jeſu*) am angemeſſenſten iſt. Alle und jede
51 687 1058 734 Interpolation, und wenn ſie auch ſelbſt von den Evan⸗
60 745 874 791 geliſten herruͤhrte, iſt ſorgfaͤltig auszumerzen.
136 800 1058 846 Nur mit großer Vorſsicht laſſen ſich 3) die Schrif⸗
52 855 1063 904 ten der Apoſtel benutzen, eben weil dieſe nicht wort⸗
61 916 1055 959 getreu, ſondern nur dem Inhalte nach, wie derſelbe
59 968 1057 1016 von ihnen (oft ſehr einſeitig und nicht im Geiſte Jeſu)
63 1027 1058 1073 gefaßt worden, und mehr commentirend als referirend,
63 1081 1057 1129 ja oft zu ganz individuellen oder gar localen Zwecken,
61 1134 1069 1184 das Evangelium von Chriſto predigten und ver⸗
59 1192 1063 1239 breiteten. Ueberdies traͤgt offenbar das apoſtoliſche Chri⸗
57 1248 1019 1296 ſtenthum, in Form und Materie, eine juͤdiſche Farbe.
147 1309 1063 1352 Auch iſt 4) von den apokryphiſchen Schriften
53 1358 1063 1409 des A. und N. T., ſo wie von den Schriften der Kir⸗
63 1415 1071 1466 chenvaͤter, ein, jedoch ebenfalls nur vorſichtiger Ge⸗
63 1467 407 1522 brauch zu machen**).
110 1536 1054 1583 *) Ein pſychologiſches Eingehen in den Geiſt und Cha⸗
145 1579 1060 1618 racter Jſeu, ſo wie eine zugleich hiſtoriſche Unterſuchung,
141 1613 1058 1652 auf welcher Stufe intellectueller und moraliſcher Bildung
144 1647 1064 1688 Jeſus geſtanden, als er in die Reihe der Chaeamim
151 1683 1065 1723 eintrat, und endlich eine vollſtaͤndige Bekanntſchaft, nicht
151 1719 1066 1758 blos mit der Palaͤſtinenſiſchen Landesſprache uͤberhaupt,
155 1754 1059 1792 ſondern insbeſondere mit der Jeſu eigenthuͤmlichen
155 1787 1063 1828 Sprachweiſe ſind hier unerlaͤſſig. Vergl. H. F. Pfann⸗
145 1822 1063 1863 kuche’s Verſuch uͤber die Palaͤſtinenſiſche Lan⸗
152 1857 1064 1898 desſprache im Zeitalter Jeſu und der Apo⸗
151 1891 1063 1932 ſtel in Eichhorns Bibl. d. n. theol. Lit. VIII, 3. Wie
152 1928 1059 1968 jeden Lehrer oder Schriftſteller muͤſſen wir auch Jeſum,
150 1962 1061 2004 zunaͤchſt und in ſoweit moͤglich, aus ihm ſelbſt hoͤren,
151 1996 456 2039 leſen und erlaͤutern.
98 2009 1069 2072 **) Inwieweit diejenigen Ausſpruͤche Jeſu, welche nicht in den
148 2065 1066 2108 vier Evanglien vorkommen, aber von den Kirchenvaͤ⸗
153 2100 1057 2143 tern— ſey es aus unkanoniſchen Evangelien oder aus
151 2135 1063 2176 Traditionen geſchöpft — als ſolche aufgefuͤhrt werden,
149 2168 1067 2213 Beachtung verdienen, ſteht dahin. Gewiß war die Grund⸗
151 2206 1060 2250 lage der vier Evangelien muͤndliche Tradition,
