1251 2357
190 77 244 119 290
190 152 1192 208 beruͤckſichtigen haben, wirklich zu dem Vorwurf berech⸗
190 212 1190 266 tigen, das juͤdiſche Volk ſey dergeſtalt wunderſuͤchtig
194 265 1188 323 geweſen, daß den meiſten Zeugniſſen der Geſchichte zu
185 320 1194 380 Folge, der Meſſias nothwendig als ein Wunderthaͤter
194 378 1190 435 habe auftreten müſſen, weil im entgegengeſetzten Fall
202 433 1188 493 ſeine Erſcheinung als etwas ganz Zweckloſes voruͤber⸗
196 502 587 551 gegangen ſeyn wuͤrde.
185 546 1188 602 Den wichtigſten Stellen, mit denen wir es ſo
192 602 1188 661 eben zu thun haben, begegnen wir im Evangel. des
188 657 1192 721 Johannes, vergl. 1, 49. das Bekenntniß des Natha⸗
190 715 1190 776 nael; denn wenn dieſem die prophetiſche Rede Jeſu
192 770 1194 833 ſchon uͤber Alles ging, warum ſollen wir nicht auf
186 827 1192 889 aͤhnliche Anſichten und Urtheile unter ſeinen Zeitgenoſ⸗
188 886 1190 947 ſen, und namentlich unter ſeinen Landsleuten, ſchließen?
192 939 1192 1004 Hier macht Jeſus ſogar ſelbſt erſt (V. 50) auf die Wun⸗
194 995 1188 1059 der aufmerkſam, die er kuͤnftig verrichten wuͤrde. Eine
189 1052 1184 1118 ganz aͤhnliche Bewandtniß hat es mit der Stelle 4, 25.,
192 1106 1188 1172 welche an eine ſehr gelauterte Chriſtologie der Sama⸗
194 1163 1180 1229 riter erinnert, denn die Frau giebt durch ihre Unter⸗
190 1218 1188 1288 redung mit dem Herrn zu verſtehen, wie man von dem
192 1275 1190 1345 Meſſias, ohne ihn als Wunderthaͤter zu denken, die
188 1332 1190 1401 rechte Verkuͤndigung alles Nothwendigen erwarten duͤrfe,
192 1404 1064 1457 vergl. beſonders die treffende Stelle V. 41. 42.
278 1441 1186 1513 Einige nicht unerhebliche Stellen fuͤr unſern Zweck
184 1501 1182 1572 bietet auch das 7. Kapitel dar, vergl. V. 27., wo ein
191 1555 1188 1630 ganz anderes Merkmal zur Charakteriſtik des Meſſias,
190 1612 1185 1685 als man an die Wunder erinnere, angegeben wuͤrde, vergl.
190 1669 1186 1741 beſonders auch V. 46.; dreiſt berufe ich mich ſogar auch
188 1722 1192 1799 auf V. 31., denn die Zeichen, welche hier erwaͤhnt
186 1777 1190 1854 werden, gehen nur theilweiſe auf die Wunder, und bei
190 1836 1178 1912 weitem mehr auf die geſammte großartige Erſcheinung
192 1892 1182 1969 des Meſſias, wo er unter allen Umſtaͤnden frei auf⸗
196 1945 1181 2027 treten, ſich uͤber das alte Teſtament, die in ihm gebo⸗
194 2001 1186 2085 tene Sabbathsſtrenge, und uͤber aͤhnliche Dinge erhe⸗
194 2056 1189 2143 ben konnte. Namentlich muß noch 10, 41. angezogen
188 2111 1186 2201 werden, denn auch aus dieſer Stelle geht hervor, wie
194 2171 1188 2261 wenig man ſich an eigentliche Wunder kehrte, dagegen
