1251 2357
153 107 225 143 302
237 191 1159 235 Wie gelangen wir aber zu der Richtigkeit und
150 247 626 287 Reinheit dieſes Textes? *)
236 300 1160 346 Und da darf ich gewiß 1) als unbeſtritten voraus⸗
160 357 1150 404 ausſetzen, daß die vier Evangeliſten des N. T., wenn
152 413 1150 460 auch nicht die Abſicht hatten, die Worte Jeſu gerade ſo
150 470 1146 518 und nicht anders, als Er dieſelben geſprochen, zu refe⸗
154 527 1118 573 riren **), gleichwohl wiſſentlich von dieſen Worten —
143 583 1145 630 wie ſie dieſelben entweder perſoͤnlich von Jeſu gehoͤrt,
144 637 1152 686 oder als glaubwuͤrdig von Anderen vernommen und
154 695 1150 744 geiſtig aufgefaßt hatten — keineswegs abweichen, am
154 751 1146 799 wenigſten ihrem Meiſter irgend etwas, das nur ſie ſelbſt
150 807 1146 858 gedacht, gleichſam unterlegen und, ſo zu ſagen, in den
150 862 1152 913 Mund legen wollten. Wir muͤſſen alſo, was den Text
142 921 1144 968 der reinen Chriſtuslehrer ***) betrifft, auf die vier
146 976 1140 1026 Evangeliſten, beſonders auf Matthaͤus, Marcus und
146 1032 1136 1082 Lucas, als die einzigen aber wahrhaftigen (hiſtoriſchen)
142 1088 1146 1137 Referenten, zuruͤckgehen. Aus der Apoſtelgeſchichte iſt
147 1154 1035 1194 bekanntlich nur die Stelle 23, 35. zu entnehmen.
222 1198 1140 1252 Wenn nun aber 2) dieſe Referenten unter ſich in
142 1253 1144 1310 einzelnen Worten oder Saͤtzen von einander abweichen
210 1349 1142 1402 *) Ob die Complutenſiſche Polyglotte v. J. 1514, mit
234 1383 1138 1437 den aͤlteſten Handſchriften und Ueberſetzungen nochmals
237 1418 1140 1472 ſtrenge verglichen, oder welche der neueren Recenſionen
233 1453 1140 1509 zum Grunde gelegt werden duͤrfte, will ich den Maͤnnern
235 1510 624 1542 vom Fache anheim geben.
180 1521 1137 1578 **) Der Evangeliſt Johannes hatte offenbar dieſe Abſicht
226 1556 1140 1614 nicht. Derſelbe erwaͤhnt mehr, daß, als was Jeſus ge⸗
236 1591 1142 1649 lehrt habe. Er ſetzt im Grunde die Bekanntſchaft mit der
234 1628 1136 1684 Chriſtuslehre bei ſeinen Leſern voraus, und iſt es ihm ganz
226 1661 1136 1719 beſonders um die freie geiſtige Auffaſſung derſel⸗
232 1696 1138 1755 ben zu thun. Uebrigens iſt ſein Evangelium auf griechiſch⸗
231 1756 682 1789 juͤdiſchem Boden entſprungen.
178 1764 1142 1825 ***) Zur Ausgleichung der neueſten Fehde (vgl. Bretſchnei⸗
236 1802 1136 1860 der im Hall. Predigerjournal, Juli u. Auguſt 1833, und;
233 1835 1130 1895 Bittſchreiben an den Herrn Dr. Bretſchneider, der
228 1869 1135 1931 evangel. Kirche doch ja ihren guten Namen zu erhalten,
226 1906 1128 1966 von Ehr. Sincerus. Berl. 1834) ſey es geſagt: Das
224 1939 1134 2001 Chriſtenthum iſt, im weiteſten Sinne genommen, ein
221 1975 1127 2037 bibliſches und zwar evangeliſch⸗apoſtoliſches,
234 2008 1130 2072 im engeren ein evangeliſches und zwar aus den vier
224 2043 1130 2107 Evangelien zu ermittelndes, im engſten ein reines, ein
229 2077 1128 2141 Chriſtenthum an ſich, das eigentlich wahre Chriſtenthum
228 2111 1134 2178 nicht des Buchſtabens, ſondern des Geiſtes, aber aus dem
228 2143 1137 2213 Buchſtaben und Geiſte Chriſti ſelbſt hervorgegangen. Zu
231 2203 1004 2250 dieſem reinen Chriſtenthum muͤſſen wir durch das
228 2252 478 2284 evangeliſche hin!
