1249 2354
1035 76 1104 108 307
106 165 1098 208 verſammlungen vorgeſchriebene Form nicht beobachte, folg⸗
114 210 1100 252 lich auch weder ſie, noch Deutſchland verpflichten koͤnne,
109 256 1101 295 irgend ein Dekret unſers Conciliums anzunehmen,
111 298 1110 339 und endlich von Trient abreiſen; alsdann aber werden
116 341 1100 383 ſie in alle deutſche Provinzen Boten ausſchicken, Schmaͤh⸗
120 385 1108 427 ſchriften ausſtreuen, durch Prediger laut ſchreien laſſen;
113 429 1092 471 uns verlaͤumden, Mißgunſt und Haß nicht nur jener
115 471 1105 514 Fuͤrſten und Voͤlker, die ſich ſchon lange von dem hei⸗
111 516 1097 558 ligen Stuhle und Gehorsam getrennt haben, ſondern
120 559 1108 601 auch derjenigen, die es noch mit uns halten, gegen uns
113 603 1103 645 herbeifuͤhren; denn es leidet dabei auch empfindlich die
115 648 1103 688 Autoritaͤt der letztern, weil ſie ihre Reichsbeſchluͤſſe ſo
114 690 687 733 offenbar verachtet ſehen muͤßten.
190 735 1110 776 Sollte aber das Concilium dennoch auf der alt⸗
118 779 1108 820 hergebrachten Gewohnheit beſtehen, und wollte es un⸗
113 822 1113 864 abaͤnderlich fortfahren, nur mit den Biſchoͤfen al⸗
111 868 1115 908 lein neue Dekrete abzufaſſen, ohne dabei weder auf
113 912 1109 951 die Fuͤrſten, die Staͤnde des Reichs, und von denſel⸗
117 955 1107 994 ben erlaſſenen Reichsbeſchluͤſſe, noch auf die Zuſagen
115 998 1107 1039 der Paͤpſte Paul III., Julius III. und des geſammten
117 1042 1107 1083 Conciliums einige Ruͤckſicht zu nehmen, ſo iſt wahrlich
121 1087 1113 1126 ſehr zu befuͤrchten, daß große, gewaltſame Bewegungen
115 1131 1119 1169 ſich erheben werden. Man wird nicht ermangeln, die
115 1171 1111 1213 Voͤlker aufzureizen, und ihnen beizubringen, daß wir,
115 1219 1109 1256 nach zu Ende gebrachtem Concilium, unſere Dekrete
115 1260 1091 1299 mit Waffen zu unterſtuͤtzen, folglich — die Voͤlker —
113 1303 1111 1344 durch Gewalt zum Gehorſame zu zwingen geſinnt ſeyen.
121 1347 1115 1387 Wer kann dafuͤr ſtehen, ob nicht alsdann noch ein
121 1390 1113 1432 zweiter Moritz auftrete, der das ganze Concilium aus
115 1434 1111 1476 dem Grunde allein zernichtet, weil daſſelbe als Veraͤch⸗
115 1477 1115 1518 ter und Feind der Reichsverſammlungen und aller deut⸗
121 1522 1116 1562 ſchen Reichsſtaͤnde verrufen und geſchildert worden iſt.
207 1569 1122 1605 Vielleicht ſagt Eure Heiligkeit: Ich erkenne die
113 1606 1122 1651 Gefahr, ich ſehe nur zu gut ein, daß es unmoͤglich ſey,
119 1651 1115 1694 den Verdacht einer offenbaren Geringsſchaͤtzung und
133 1694 1125 1739 Verachtung gegen die ganze deutſche Nation und die
119 1737 1125 1782 Reichsverſammlung von uns zu entfernen, wenn wir
123 1779 1123 1825 diejenigen abweiſen ſollten, welche bei dem Concilium
121 1823 1115 1869 erſcheinen wuͤrden, um allda ihre Meinungen mit den
117 1863 1133 1913 Biſchoͤfen gemeinſchaftlich vorzutragen; ich will alſo
123 1908 1119 1957 befehlen, daß man ſie annehme, daß auch geſtattet
125 1954 1115 2000 ſeyn ſoll, alles, was immer ihnen belieben wuͤrde vor⸗
127 1998 1125 2044 zutragen, und uͤber alles zu ſprechen. Allein, Heiligſter
119 2036 1131 2088 Vater, ich muß hier widerſprechen und behaupten, daß
125 2082 1127 2132 es ſehr gefaͤhrlich und hoͤchſt nachtheilig fuͤr uns ſeyn
123 2123 1119 2175 wuͤrde, wenn ihnen freier Vortrag in dem Concilium
116 2166 1121 2221 geſtattet werden wollte, denn es iſt nicht zu leugnen,
138 2210 925 2265 IV Jahrg. 2 Bds. 3 Hft. X.
