1251 2357
660 545 680 588 II
460 620 891 668 Wiſſenſchaftliche
170 695 1168 768 Abhandlungen und Aufsätze.
172 892 1172 968 Haben die Verfaſſer der Denkwuͤrdigkeiten Jeſu
184 952 1170 1029 und die Apoſtel, von ihrer Individualitaͤt und ih⸗
182 1018 1170 1094 ren juͤdiſch modificirten Anſichten befangen, man⸗
182 1082 1170 1156 ches Fremdartige und dem Geiſte der ſpeciellen
176 1143 1174 1221 Lehre Jeſu nicht Zuſagende und nicht mit demſel⸗
184 1207 1172 1286 ben Uebereinſtimmende in ihre chriſtlichen Darſtel⸗
184 1269 1182 1350 lungen hineingetragen; und ſtanden dieſelben, von
222 1342 1156 1414 volksthuͤmlichen Irrthuͤmern befangen, viel zu
529 1429 868 1475 tief unter Jeſu?
644 1494 732 1540 Von
477 1568 893 1612 E. Wickenhoͤfer,
276 1606 1093 1674 Pfarrer zu Ginsheim im Großherzogthume Heſſen.
192 1713 1190 1793 Es hat in neuerer Zeit vornemlich nicht an Theologen
195 1768 1183 1854 gefehlt, welche unter Chriſtenthum, wie es aus den Be⸗
194 1822 1188 1907 lehrungen Jeſu hervorgegangen ſey, und demjenigen,
190 1877 1182 1964 welches uns in den apoſtoliſchen Briefen beſonders vor⸗
190 1933 1182 2022 liegt, unterſchieden und noch unterſcheiden*). Nur von
236 2026 1186 2103 *) Die Literatur und die Stellen nachzuweiſen, wo man na⸗
285 2059 1190 2138 mentlich in manchen neueren theol. Schriften dieſe Behaup⸗
290 2093 1188 2175 tung findet, haͤlt Verf. dieſes fuͤr uͤberfluͤſſig, weil er fuͤr
282 2128 1186 2210 Theologen ſchreibt. Daß aber eine dieſer Anſicht zu⸗
281 2179 1121 2248 gethane theol. Partei vorhanden ſey, iſt entschieden. —
