1283 2357
216 95 278 139 74
219 170 1224 228 Leben und Schickſal auszeichnete, als allvaͤterliche Fuͤh⸗
214 227 1218 283 rung: er zeigt, ſo weit er in beſchraͤnkter Zeit kann,
222 282 1220 341 nicht bloß, was dem irdiſchen und alltaͤglichen Beob⸗
219 339 1222 398 achter an dem Geſtorbenen erſcheinen mochte, ſondern
216 397 1220 455 wie es ſich nach der hoͤheren und richtigen Betrachtung
220 451 1222 511 wirklich verhaͤlt, wie der Geſtorbene mit beſonderen
224 508 1214 570 Gaben des Geiſtes und Herzens begnadigt, wie er
214 563 1220 628 reichlich ausgeſtattet, weislich geleitet, wie er vor Ab⸗
213 621 1216 685 wegen bewahrt, wie er geſchuͤtzt und unterſtuͤtzt, ge⸗
218 675 1218 743 ſeegnet und gehoben, wie er, da er ſein Pfund nicht
216 734 1214 799 vergrub, da er nicht auf das Fleiſch ſäete, in weiterem
214 791 1214 856 Kreiſe Groͤßeres zu leiſten gewuͤrdigt wurde von dem
220 846 1216 914 Herrn des Himmels und der Erde, von dem Vater und
214 904 1210 970 Erzieher der Geiſter. Alſo Ehre und Dank nicht bloß
216 963 1210 1026 dem Diener, ſondern auch und noch mehr deſſen Herrn,
218 1015 1214 1086 nicht bloß dem Begabten, ſondern vorzuͤglich dem Ge⸗
208 1072 1214 1141 ber. Den rechten, religioͤſen und bibliſchen Maasſtab
214 1128 1212 1198 anlegend, verirrt ſich der Grabredner nicht auf Men⸗
222 1185 1218 1255 ſchen⸗Ueberſchaͤtzung und Menſchen⸗Vergoͤtterung, ſo
210 1244 1212 1313 wenig, als auf Verachtung und Verdammung auch
216 1299 1210 1368 des Verachtetſten, der ſeinem Herrn ſteht und faͤllt,
220 1353 1204 1426 der goͤttlichen Geſchlechts iſt und bleibt, der, ſtets ge⸗
218 1409 1214 1483 ſucht und vielleicht einſt wieder gefunden, den ganzen
216 1466 1215 1541 Himmel noch erfreuen kann vor neun und neunzig
212 1520 1206 1599 Nichtverirrten. So ſonſt geſtimmt, und jetzt beſonders
222 1576 1214 1655 ſich ſtimmend, ſinkt er auch nicht zum Beifall⸗Haſchen
216 1632 1216 1711 und Gunſt⸗Suchen, ſondern erhebt ſich und ſeine Zu⸗
215 1690 1206 1766 hoͤrer zu der Höhe, auf welcher nur Einer groß und
221 1753 1168 1820 herrlich iſt, und der, welchen der Eine geſandt hat.
298 1798 1218 1874 Allerdings mag es zuweilen auch eine gute Ge⸗
207 1854 1212 1934 muͤthsſtimmung ſeyn, mit welcher ein Geſtorbener in
210 1911 1206 1990 der Grabrede gelobt, geprieſen und gefeiert wird. Der
214 1969 1212 2048 beſſere Menſch ſieht an Andern mehr Gutes als Boͤſes,
214 2023 1206 2106 und das Gute durch eine Art von Vergroͤßerungsglas.
214 2077 1210 2165 Noch viel mehr an Geſtorbenen, an welchen der To⸗
210 2135 1206 2223 desengel Flecken verwiſcht, und Tugenden verſchoͤnert.
212 2193 1200 2285 Dazu kommt die gerade den Beſſeren eigene Hinnei⸗
