1360 2446
483 76 900 118 Evangeliſches Kirchenrecht.
103 100 184 137 276
108 141 1292 213 oben zur Folge ꝛc. Um nun vielſeitigen Klagen abzuhelfen, hat der Groß⸗
116 193 1284 262 herzog, theils kraft ſeiner landesherrlichen Machtvollkommenheit theils des
114 242 1282 308 ihm adhärirenden Episcopatsrechts, eine neue Organiſation der Behörden
116 291 1290 357 für die evangeliſchen Kirchenangelegenheiten verfügt, und die dadurch noth⸗
114 339 1286 405 wendig gewordenen Amtsinſtructionen erlaſſen. Durch ſie ſoll der Grund
114 389 1286 454 zu durchgreifenden Verbeſſerungen gelegt werden, welche die neuen Kirchen⸗
119 436 1288 503 behörden ſelbſt einzuleiten haben. Nach dem erſten Edict iſt die Verwal⸗
118 490 1288 552 tung der geſammten evangeliſchen Kirche (mit Einſchluß der reformirten),
118 536 1292 601 unter Oberleitung des Miniſteriums des Innern und der Juſtiz, folgenden
114 583 1292 650 Behörden übertragen: einem Oberconſiſt., drei Superint., den Kreisräthen,
120 631 1294 700 den Decanen, den Pfarrern und den Kirchenvorſtänden; nur in den ſtandes⸗
116 680 1294 748 herrlichen Bezirken bilden die beſtehenden Conſiſt. die Mittelbehörden zwiſchen
115 725 1290 794 dem Oberconſiſt. und den Decanen. — — — — *) Auf das allgem. Orga⸗
120 778 1290 845 niſations⸗Edict folgt die Amtsinſtruction für die Superint., ſodann die für
118 824 1292 895 die Decane. Vor das Edict über die Organiſation der Kirchenvorſtände
124 874 1294 944 in den evangeliſchen und katholiſchen Gemeinden iſt das Edict geſtellt, welches
126 924 1294 992 die Aufhebung des katholiſchen Kirchen⸗ und Schulrathes verfügt und die
124 970 1298 1041 katholiſchen Kirchenangelegenheiten „vertrauensvoll“ (möchte dieß Vertrauen
124 1022 1292 1091 gerechtfertigt werden!) in die Hand der biſchöflichen Behörden legt. Wei⸗
128 1070 1292 1139 ter folgt eine Verordnung über die Verwaltung des Kirchenvermögens,
124 1118 1288 1189 eine weitere über Reviſion der Local⸗, Kirchen⸗, Stiftungs⸗ und Schul⸗
128 1166 1290 1238 rechnungen. Endlich ſchließt ſich an ein Organiſationsedict über das Volks⸗
140 1214 1304 1286 ſchulweſen nebſt Inſtructionen für die Orts⸗ und Bezirks⸗Schulvorſtände
134 1264 1294 1334 und den Oberſchulrath. Das kritiſche Sendſchreiben hebt mit Glück die
134 1314 1292 1382 Vorzüge dieſer — von ſeinem Verfaſſer ſelbſt mit bearbeiteten Kirchen⸗
132 1362 1294 1431 und Schulordnung hervor, indem es in Briefform die Einwendungen eines
140 1409 1300 1482 befreundeten Gegners entkräftet. Zuerſt ſtellt es die Vorzüge einer kirch⸗
136 1460 1294 1531 lichen Landesbehörde gegen die früheren Provinzialconſiſtorien ins Licht
140 1505 1308 1582 zeigt ſodann die kirchlichere Zuſammenſetzung der erſteren, rechtfertigt die
133 1554 1306 1632 Zuziehung von Juriſten und ihr Zahlenverhältniß zu den Geiſtlichen, die
140 1602 1300 1680 treffliche Einrichtung der Anwohnung beider Superintendenten bei beſonde⸗
146 1650 1306 1727 ren Verhandlungen, welche eine vielſeitige Beleuchtung vom theologiſchen
140 1698 1310 1777 Geſichtspunkt aus nöthig machen. Gebührende Berückſichtigung erhält das
144 1751 1298 1825 Amt der Superintendenten mit ſeinem auf das eigentlich Geiſtige allein
146 1795 1308 1873 beſchränkten Geſchäftskreiſe, während die Superintendenten anderer Länder
150 1844 1306 1922 meiſt neben der Schulinſpection noch viele andere zerſplitterndere Geſchäfte
146 1891 1308 1972 der Adminiſtration zu beſorgen haben. Hier haben ſie gleichſam allein die
144 1941 1304 2021 höhere Seelſorge über die Geiſtlichkeit zu üben. Darum aber iſt die Be⸗
144 1988 1310 2072 ſetzung dieſer Stellen eine höchſt wichtige Aufgabe für die Staatsregierung
148 2037 1306 2121 Sofort werden die Forderungen, welche die neue Organiſation an die
148 2085 1306 2169 Geiſtlichen macht, beſprochen, und gezeigt, wie dieſe nothwendig ſind, um
148 2132 1312 2221 dem geiſtlichen Stande ſeine würdige Stellung und ſegensvolle Wirkſam⸗
219 2237 845 2286 *) Das Nähere hierüber oben II. Nr. 3.
