<?xml version="1.0" encoding="UTF-8" standalone="yes"?>
<PcGts xmlns="http://schema.primaresearch.org/PAGE/gts/pagecontent/2013-07-15" xmlns:xsi="http://www.w3.org/2001/XMLSchema-instance" xsi:schemaLocation="http://schema.primaresearch.org/PAGE/gts/pagecontent/2013-07-15 http://schema.primaresearch.org/PAGE/gts/pagecontent/2013-07-15/pagecontent.xsd">
    <Metadata>
        <Creator>prov=University of Rostock/Institute of Mathematics/CITlab|PLANET AI GmbH/Gundram Leifert/gundram.leifert@planet-ai.de:name=Noscemus GM 3.0(htr_id=26395)::::v=2.6.7
prov=University of Rostock/Institute of Mathematics/CITlab|PLANET AI GmbH/Tobias Gruening/tobias.gruening@planet-ai.de:name=de.uros.citlab.module.baseline2polygon.B2PSeamMultiOriented:v=2.6.7
prov=University of Rostock/Institute of Mathematics/CITlab|PLANET AI GmbH/Tobias Gruening/tobias.gruening@planet-ai.de:name=/net_tf/LA73_249_0mod360.pb:de.uros.citlab.segmentation.CITlab_LA_ML:v=2.6.6
prov=University of Rostock/Institute of Mathematics/CITlab|PLANET AI GmbH/Tobias Gruening/tobias.gruening@planet-ai.de:name=/net_tf/LA73_249_0mod360.pb:de.uros.citlab.segmentation.CITlab_LA_ML:v=2.6.6
Transkribus</Creator>
        <Created>2020-11-23T11:54:15.696+01:00</Created>
        <LastChange>2021-05-13T09:16:25.557+02:00</LastChange>
        <TranskribusMetadata docId="543221" pageId="22808917" pageNr="10" tsid="57821597" status="GT" userId="78683" imgUrl="https://files.transkribus.eu/Get?id=PQQOYAVZDIWVFMBSQKROFOJQ&amp;fileType=view" xmlUrl="https://files.transkribus.eu/Get?id=RLWRWJNIGFCOOWJWQLNCQLMG" imageId="17784595"/>
    </Metadata>
    <Page imageFilename="artl_002_00066.tif" imageWidth="1324" imageHeight="2446">
        <ReadingOrder>
            <OrderedGroup id="ro_1626328011327" caption="Regions reading order">
                <RegionRefIndexed index="0" regionRef="r1"/>
            </OrderedGroup>
        </ReadingOrder>
        <TextRegion orientation="0.0" id="r1" custom="readingOrder {index:0;}">
            <Coords points="77,70 77,2261 1276,2261 1276,70"/>
            <TextLine id="r1l1" custom="readingOrder {index:0;}">
                <Coords points="464,110 489,110 515,110 541,109 567,109 592,109 618,109 644,109 670,108 695,108 721,108 747,107 773,107 798,107 824,106 850,106 876,106 876,70 850,70 824,70 798,71 773,71 747,71 721,72 695,72 670,72 644,73 618,73 592,73 567,73 541,73 515,74 489,74 464,74"/>
                <Baseline points="464,98 489,98 515,98 541,97 567,97 592,97 618,97 644,97 670,96 695,96 721,96 747,95 773,95 798,95 824,94 850,94 876,94"/>
                <TextEquiv>
                    <Unicode>Evangeliſches Kirchenrecht.</Unicode>
                </TextEquiv>
            </TextLine>
            <TextLine id="r1l2" custom="readingOrder {index:1;}">
                <Coords points="77,129 110,128 143,127 143,91 110,92 77,93"/>
                <Baseline points="77,117 110,116 143,115"/>
                <TextEquiv>
                    <Unicode>62</Unicode>
                </TextEquiv>
            </TextLine>
            <TextLine id="r1l3" custom="readingOrder {index:2;}">
                <Coords points="88,201 147,198 206,197 265,195 324,194 384,193 443,192 502,192 561,191 620,191 680,191 739,190 798,190 857,189 916,188 976,187 1035,186 1094,184 1153,181 1212,179 1272,175 1272,141 1212,145 1153,147 1094,150 1035,152 976,153 916,154 857,155 798,156 739,156 680,157 620,157 561,157 502,158 443,158 384,159 324,160 265,161 206,163 147,164 88,167"/>
                <Baseline points="88,190 147,187 206,186 265,184 324,183 384,182 443,181 502,181 561,180 620,180 680,180 739,179 798,179 857,178 916,177 976,176 1035,175 1094,173 1153,170 1212,168 1272,164"/>
                <TextEquiv>
                    <Unicode>ſchenswerth iſt, beſonders da nur durch Zuſammenſtehen mehrerer Gemein⸗</Unicode>
                </TextEquiv>
            </TextLine>
            <TextLine id="r1l4" custom="readingOrder {index:3;}">
                <Coords points="83,248 145,246 207,245 269,244 331,243 393,242 455,242 517,241 579,241 641,240 703,240 765,239 827,239 889,238 951,237 1013,236 1075,234 1137,232 1199,230 1262,227 1262,193 1199,196 1137,198 1075,200 1013,202 951,203 889,204 827,205 765,205 703,206 641,206 579,207 517,207 455,208 393,208 331,209 269,210 207,211 145,212 83,214"/>
                <Baseline points="83,237 145,235 207,234 269,233 331,232 393,231 455,231 517,230 579,230 641,229 703,229 765,228 827,228 889,227 951,226 1013,225 1075,223 1137,221 1199,219 1262,216"/>
                <TextEquiv>
                    <Unicode>den die Aufwendung von Mitteln möglich iſt, welche die Kräfte der ein⸗</Unicode>
                </TextEquiv>
            </TextLine>
            <TextLine id="r1l5" custom="readingOrder {index:4;}">
                <Coords points="83,299 141,297 200,295 259,293 318,292 376,291 435,290 494,289 553,289 611,288 670,288 729,288 788,287 846,287 905,286 964,285 1023,284 1081,283 1140,281 1199,280 1258,277 1258,243 1199,246 1140,247 1081,249 1023,250 964,251 905,252 846,253 788,253 729,254 670,254 611,254 553,255 494,255 435,256 376,257 318,258 259,259 200,261 141,263 83,265"/>
                <Baseline points="83,288 141,286 200,284 259,282 318,281 376,280 435,279 494,278 553,278 611,277 670,277 729,277 788,276 846,276 905,275 964,274 1023,273 1081,272 1140,270 1199,269 1258,266"/>
                <TextEquiv>
                    <Unicode>zelnen überſteigen und doch vom Geſellſchaftszwecke gefordert werden, verei⸗</Unicode>
                </TextEquiv>
            </TextLine>
            <TextLine id="r1l6" custom="readingOrder {index:5;}">
                <Coords points="93,346 151,345 209,343 267,342 325,341 383,341 441,340 499,340 557,339 615,338 673,338 731,337 789,337 847,336 905,335 963,334 1021,333 1079,332 1137,331 1195,329 1254,327 1254,293 1195,295 1137,297 1079,298 1021,299 963,300 905,301 847,302 789,303 731,303 673,304 615,304 557,305 499,306 441,306 383,307 325,307 267,308 209,309 151,311 93,312"/>
                <Baseline points="93,335 151,334 209,332 267,331 325,330 383,330 441,329 499,329 557,328 615,327 673,327 731,326 789,326 847,325 905,324 963,323 1021,322 1079,321 1137,320 1195,318 1254,316"/>
                <TextEquiv>
                    <Unicode>nigen ſich nun einzelne Gemeinden zu einer Samtgemeinde (Synode).</Unicode>
                </TextEquiv>
            </TextLine>
            <TextLine id="r1l7" custom="readingOrder {index:6;}">
                <Coords points="81,394 140,393 199,393 258,392 317,391 376,391 435,390 494,390 553,389 612,389 671,388 730,387 789,387 848,386 907,385 966,384 1025,383 1084,381 1143,380 1202,378 1262,376 1262,340 1202,342 1143,344 1084,345 1025,347 966,348 907,349 848,350 789,351 730,351 671,352 612,353 553,353 494,354 435,354 376,355 317,355 258,356 199,357 140,357 81,358"/>
                <Baseline points="81,382 140,381 199,381 258,380 317,379 376,379 435,378 494,378 553,377 612,377 671,376 730,375 789,375 848,374 907,373 966,372 1025,371 1084,369 1143,368 1202,366 1262,364"/>
                <TextEquiv>
                    <Unicode>Dieß vornehmlich zum Schutz gegen den Staat, zur letzten Entſcheidung</Unicode>
                </TextEquiv>
            </TextLine>
            <TextLine id="r1l8" custom="readingOrder {index:7;}">
                <Coords points="89,444 147,442 206,441 265,440 324,439 382,438 441,437 500,437 559,437 617,436 676,436 735,435 794,435 852,434 911,433 970,432 1029,431 1087,429 1146,427 1205,425 1264,423 1264,389 1205,391 1146,393 1087,395 1029,397 970,398 911,399 852,400 794,401 735,401 676,402 617,402 559,403 500,403 441,403 382,404 324,405 265,406 206,407 147,408 89,410"/>
                <Baseline points="89,433 147,431 206,430 265,429 324,428 382,427 441,426 500,426 559,426 617,425 676,425 735,424 794,424 852,423 911,422 970,421 1029,420 1087,418 1146,416 1205,414 1264,412"/>
                <TextEquiv>
                    <Unicode>über Amtsverletzungen der Kirchendiener, ſo wie zur Prüfung dieſer ſelbſt.</Unicode>
                </TextEquiv>
            </TextLine>
            <TextLine id="r1l9" custom="readingOrder {index:8;}">
                <Coords points="88,495 146,493 205,491 264,489 323,488 382,487 440,487 499,486 558,485 617,485 676,485 734,484 793,484 852,483 911,482 970,481 1028,480 1087,479 1146,477 1205,474 1264,472 1264,438 1205,440 1146,443 1087,445 1028,446 970,447 911,448 852,449 793,450 734,450 676,451 617,451 558,451 499,452 440,453 382,453 323,454 264,455 205,457 146,459 88,461"/>
                <Baseline points="88,484 146,482 205,480 264,478 323,477 382,476 440,476 499,475 558,474 617,474 676,474 734,473 793,473 852,472 911,471 970,470 1028,469 1087,468 1146,466 1205,463 1264,461"/>
                <TextEquiv>
                    <Unicode>Denn für Liturgie, für Bildung und Anſtellung der Kirchendiener braucht</Unicode>
                </TextEquiv>
            </TextLine>
            <TextLine id="r1l10" custom="readingOrder {index:9;}">
                <Coords points="87,542 149,541 211,540 273,538 335,538 397,537 459,536 521,536 583,535 645,534 707,534 769,533 831,532 893,532 955,530 1017,529 1079,528 1141,526 1203,524 1266,522 1266,488 1203,490 1141,492 1079,494 1017,495 955,496 893,498 831,498 769,499 707,500 645,500 583,501 521,502 459,502 397,503 335,504 273,504 211,506 149,507 87,508"/>
                <Baseline points="87,531 149,530 211,529 273,527 335,527 397,526 459,525 521,525 583,524 645,523 707,523 769,522 831,521 893,521 955,519 1017,518 1079,517 1141,515 1203,513 1266,511"/>
                <TextEquiv>
                    <Unicode>die Kirche nicht zu ſorgen. Jene, die Bildung der Religionslehrer, iſt am</Unicode>
                </TextEquiv>
            </TextLine>
            <TextLine id="r1l11" custom="readingOrder {index:10;}">
                <Coords points="96,592 154,590 213,588 272,587 330,586 389,585 448,585 506,584 565,583 624,583 683,583 741,582 800,582 859,581 917,580 976,579 1035,578 1093,576 1152,574 1211,572 1270,569 1270,535 1211,538 1152,540 1093,542 1035,544 976,545 917,546 859,547 800,548 741,548 683,549 624,549 565,549 506,550 448,551 389,551 330,552 272,553 213,554 154,556 96,558"/>
                <Baseline points="96,581 154,579 213,577 272,576 330,575 389,574 448,574 506,573 565,572 624,572 683,572 741,571 800,571 859,570 917,569 976,568 1035,567 1093,565 1152,563 1211,561 1270,558"/>
                <TextEquiv>
                    <Unicode>beſten der Privatbetriebſamkeit zu überlaſſen, auf keinen Fall können der,</Unicode>
                </TextEquiv>
            </TextLine>
            <TextLine id="r1l12" custom="readingOrder {index:11;}">
                <Coords points="92,641 150,639 209,637 268,636 326,635 385,634 444,633 502,632 561,632 620,632 679,631 737,631 796,630 855,629 913,629 972,628 1031,626 1089,624 1148,623 1207,620 1266,618 1266,584 1207,586 1148,589 1089,590 1031,592 972,594 913,595 855,595 796,596 737,597 679,597 620,598 561,598 502,598 444,599 385,600 326,601 268,602 209,603 150,605 92,607"/>
                <Baseline points="92,630 150,628 209,626 268,625 326,624 385,623 444,622 502,621 561,621 620,621 679,620 737,620 796,619 855,618 913,618 972,617 1031,615 1089,613 1148,612 1207,609 1266,607"/>
                <TextEquiv>
                    <Unicode>Kirche geordnete Anſtalten dafür zugemuthet werden. Da meint doch die</Unicode>
                </TextEquiv>
            </TextLine>
            <TextLine id="r1l13" custom="readingOrder {index:12;}">
                <Coords points="96,689 154,688 212,686 270,685 329,684 387,683 445,683 504,682 562,681 620,681 679,680 737,680 795,679 853,678 912,678 970,677 1028,675 1087,674 1145,672 1203,670 1262,668 1262,634 1203,636 1145,638 1087,640 1028,641 970,643 912,644 853,644 795,645 737,646 679,646 620,647 562,647 504,648 445,649 387,649 329,650 270,651 212,652 154,654 96,655"/>
                <Baseline points="96,678 154,677 212,675 270,674 329,673 387,672 445,672 504,671 562,670 620,670 679,669 737,669 795,668 853,667 912,667 970,666 1028,664 1087,663 1145,661 1203,659 1262,657"/>
                <TextEquiv>
                    <Unicode>freie Kirche in Amerika, es wären theologiſche Seminarien wünſchenswer⸗</Unicode>
                </TextEquiv>
            </TextLine>
            <TextLine id="r1l14" custom="readingOrder {index:13;}">
                <Coords points="96,739 154,736 212,735 270,733 329,732 387,732 445,731 504,731 562,730 620,730 679,730 737,729 795,729 853,728 912,727 970,726 1028,725 1087,723 1145,721 1203,719 1262,715 1262,681 1203,685 1145,687 1087,689 1028,691 970,692 912,693 853,694 795,695 737,695 679,696 620,696 562,696 504,697 445,697 387,698 329,698 270,699 212,701 154,702 96,705"/>
                <Baseline points="96,728 154,725 212,724 270,722 329,721 387,721 445,720 504,720 562,719 620,719 679,719 737,718 795,718 853,717 912,716 970,715 1028,714 1087,712 1145,710 1203,708 1262,704"/>
                <TextEquiv>
                    <Unicode>ther, als ihre Geiſtlichen von andern praktiſch zurichten zu laſſen. Mit</Unicode>
                </TextEquiv>
            </TextLine>
            <TextLine id="r1l15" custom="readingOrder {index:14;}">
                <Coords points="96,787 154,785 212,784 270,782 328,781 387,781 445,780 503,779 561,779 619,779 678,778 736,778 794,777 852,777 910,776 969,775 1027,773 1085,772 1143,770 1201,768 1260,766 1260,732 1201,734 1143,736 1085,738 1027,739 969,741 910,742 852,743 794,743 736,744 678,744 619,745 561,745 503,745 445,746 387,747 328,747 270,748 212,750 154,751 96,753"/>
                <Baseline points="96,776 154,774 212,773 270,771 328,770 387,770 445,769 503,768 561,768 619,768 678,767 736,767 794,766 852,766 910,765 969,764 1027,762 1085,761 1143,759 1201,757 1260,755"/>
                <TextEquiv>
                    <Unicode>welchem Rechte die freie Kirche ihrer Prüfungscommiſſion, unter der auch</Unicode>
                </TextEquiv>
            </TextLine>
            <TextLine id="r1l16" custom="readingOrder {index:15;}">
                <Coords points="95,836 153,834 211,833 269,832 328,831 386,830 444,829 502,829 561,828 619,828 677,827 735,827 794,826 852,826 910,825 968,824 1027,823 1085,821 1143,819 1201,817 1260,815 1260,781 1201,783 1143,785 1085,787 1027,789 968,790 910,791 852,792 794,792 735,793 677,793 619,794 561,794 502,795 444,795 386,796 328,797 269,798 211,799 153,800 95,802"/>
                <Baseline points="95,825 153,823 211,822 269,821 328,820 386,819 444,818 502,818 561,817 619,817 677,816 735,816 794,815 852,815 910,814 968,813 1027,812 1085,810 1143,808 1201,806 1260,804"/>
                <TextEquiv>
                    <Unicode>Layen ſeyn ſollen, vorſchreibt, ihr Tüchtigkeitszeugniß von einem Zeugniß einer</Unicode>
                </TextEquiv>
            </TextLine>
            <TextLine id="r1l17" custom="readingOrder {index:16;}">
                <Coords points="100,883 158,882 216,880 274,879 332,879 390,878 448,878 506,877 564,877 622,876 680,876 738,876 796,875 854,875 912,874 970,873 1028,871 1086,870 1144,868 1202,866 1260,863 1260,829 1202,832 1144,834 1086,836 1028,837 970,839 912,840 854,841 796,841 738,842 680,842 622,842 564,843 506,843 448,844 390,844 332,845 274,845 216,846 158,848 100,849"/>
                <Baseline points="100,872 158,871 216,869 274,868 332,868 390,867 448,867 506,866 564,866 622,865 680,865 738,865 796,864 854,864 912,863 970,862 1028,860 1086,859 1144,857 1202,855 1260,852"/>
                <TextEquiv>
                    <Unicode>Staatsbehörde, daß der Candidat die für jeden Staatsdiener nöthigen Kennt⸗</Unicode>
                </TextEquiv>
            </TextLine>
            <TextLine id="r1l18" custom="readingOrder {index:17;}">
                <Coords points="96,934 154,933 213,931 271,930 330,929 389,928 447,927 506,927 564,926 623,926 682,925 740,925 799,924 857,923 916,923 975,922 1033,921 1092,919 1150,917 1209,915 1268,913 1268,879 1209,881 1150,883 1092,885 1033,887 975,888 916,889 857,889 799,890 740,891 682,891 623,892 564,892 506,893 447,893 389,894 330,895 271,896 213,897 154,899 96,900"/>
                <Baseline points="96,923 154,922 213,920 271,919 330,918 389,917 447,916 506,916 564,915 623,915 682,914 740,914 799,913 857,912 916,912 975,911 1033,910 1092,908 1150,906 1209,904 1268,902"/>
                <TextEquiv>
                    <Unicode>niſſe in allgemein wiſſenſchaftlicher Beziehung beſitze, abhängig zu machen, leuch⸗</Unicode>
                </TextEquiv>
            </TextLine>
            <TextLine id="r1l19" custom="readingOrder {index:18;}">
                <Coords points="94,984 153,982 212,980 271,979 330,978 389,977 448,976 507,976 566,975 625,975 684,974 743,974 802,973 861,973 920,971 979,970 1038,969 1097,967 1156,965 1215,962 1274,959 1274,925 1215,928 1156,931 1097,933 1038,935 979,936 920,937 861,939 802,939 743,940 684,940 625,941 566,941 507,942 448,942 389,943 330,944 271,945 212,946 153,948 94,950"/>
                <Baseline points="94,973 153,971 212,969 271,968 330,967 389,966 448,965 507,965 566,964 625,964 684,963 743,963 802,962 861,962 920,960 979,959 1038,958 1097,956 1156,954 1215,951 1274,948"/>
                <TextEquiv>
                    <Unicode>tet nicht ein. Wenn eine freie Gemeinde nun keinen ſtudirten Geiſtlichen ha⸗</Unicode>
                </TextEquiv>
            </TextLine>
            <TextLine id="r1l20" custom="readingOrder {index:19;}">
                <Coords points="94,1031 152,1030 211,1028 269,1027 328,1026 386,1025 445,1024 503,1024 562,1023 620,1023 679,1023 737,1022 796,1022 854,1021 913,1020 971,1019 1030,1018 1088,1016 1147,1015 1205,1012 1264,1010 1264,976 1205,978 1147,981 1088,982 1030,984 971,985 913,986 854,987 796,988 737,988 679,989 620,989 562,989 503,990 445,990 386,991 328,992 269,993 211,994 152,996 94,997"/>
                <Baseline points="94,1020 152,1019 211,1017 269,1016 328,1015 386,1014 445,1013 503,1013 562,1012 620,1012 679,1012 737,1011 796,1011 854,1010 913,1009 971,1008 1030,1007 1088,1005 1147,1004 1205,1001 1264,999"/>
                <TextEquiv>
                    <Unicode>ben will, wer hat ihr darein zu reden? Es iſt (S. 140.) ein freier Aci</Unicode>
                </TextEquiv>
            </TextLine>
            <TextLine id="r1l21" custom="readingOrder {index:20;}">
                <Coords points="100,1081 158,1079 217,1078 275,1077 334,1076 393,1075 451,1074 510,1074 568,1073 627,1073 686,1072 744,1072 803,1071 861,1070 920,1070 979,1068 1037,1067 1096,1065 1154,1063 1213,1061 1272,1058 1272,1024 1213,1027 1154,1029 1096,1031 1037,1033 979,1034 920,1036 861,1036 803,1037 744,1038 686,1038 627,1039 568,1039 510,1040 451,1040 393,1041 334,1042 275,1043 217,1044 158,1045 100,1047"/>
                <Baseline points="100,1070 158,1068 217,1067 275,1066 334,1065 393,1064 451,1063 510,1063 568,1062 627,1062 686,1061 744,1061 803,1060 861,1059 920,1059 979,1057 1037,1056 1096,1054 1154,1052 1213,1050 1272,1047"/>
                <TextEquiv>
                    <Unicode>der Gemeinde, die den Mißgriff ſich ſelbſt zuzuſchreiben hat. — Wenn</Unicode>
                </TextEquiv>
            </TextLine>
            <TextLine id="r1l22" custom="readingOrder {index:21;}">
                <Coords points="102,1131 160,1128 218,1127 276,1125 334,1124 393,1123 451,1122 509,1122 567,1121 625,1121 684,1121 742,1120 800,1120 858,1119 916,1118 975,1117 1033,1116 1091,1115 1149,1113 1207,1110 1266,1107 1266,1073 1207,1076 1149,1079 1091,1081 1033,1082 975,1083 916,1084 858,1085 800,1086 742,1086 684,1087 625,1087 567,1087 509,1088 451,1088 393,1089 334,1090 276,1091 218,1093 160,1094 102,1097"/>
                <Baseline points="102,1120 160,1117 218,1116 276,1114 334,1113 393,1112 451,1111 509,1111 567,1110 625,1110 684,1110 742,1109 800,1109 858,1108 916,1107 975,1106 1033,1105 1091,1104 1149,1102 1207,1099 1266,1096"/>
                <TextEquiv>
                    <Unicode>es übrigens einer Samtfreikirche einfallen ſollte, eine theologiſche Bil⸗</Unicode>
                </TextEquiv>
            </TextLine>
            <TextLine id="r1l23" custom="readingOrder {index:22;}">
                <Coords points="100,1180 158,1178 216,1177 275,1175 333,1174 392,1174 450,1173 508,1172 567,1172 625,1171 684,1170 742,1170 800,1169 859,1168 917,1168 976,1167 1034,1165 1092,1164 1151,1162 1209,1160 1268,1158 1268,1125 1209,1127 1151,1129 1092,1131 1034,1132 976,1134 917,1135 859,1135 800,1136 742,1137 684,1137 625,1138 567,1139 508,1139 450,1140 392,1141 333,1141 275,1142 216,1144 158,1145 100,1147"/>
                <Baseline points="100,1169 158,1167 216,1166 275,1164 333,1163 392,1163 450,1162 508,1161 567,1161 625,1160 684,1159 742,1159 800,1158 859,1157 917,1157 976,1156 1034,1154 1092,1153 1151,1151 1209,1149 1268,1147"/>
                <TextEquiv>
                    <Unicode>dungsanſtalt zu gründen, ſo kommt glücklicher Weiſe, aber wie zufällig,</Unicode>
                </TextEquiv>
            </TextLine>
            <TextLine id="r1l24" custom="readingOrder {index:23;}">
                <Coords points="100,1229 158,1227 217,1225 275,1223 334,1222 392,1221 451,1220 509,1220 568,1219 626,1219 685,1219 743,1218 802,1218 860,1217 919,1216 977,1215 1036,1214 1094,1212 1153,1209 1211,1207 1270,1203 1270,1170 1211,1174 1153,1176 1094,1179 1036,1181 977,1182 919,1183 860,1184 802,1185 743,1185 685,1186 626,1186 568,1186 509,1187 451,1187 392,1188 334,1189 275,1190 217,1192 158,1194 100,1196"/>
                <Baseline points="100,1218 158,1216 217,1214 275,1212 334,1211 392,1210 451,1209 509,1209 568,1208 626,1208 685,1208 743,1207 802,1207 860,1206 919,1205 977,1204 1036,1203 1094,1201 1153,1198 1211,1196 1270,1192"/>
                <TextEquiv>
                    <Unicode>dem Verf. die Erinnerung an das alte Gut der Kirche, welches die Staa⸗</Unicode>
                </TextEquiv>
            </TextLine>
            <TextLine id="r1l25" custom="readingOrder {index:24;}">
                <Coords points="104,1278 162,1276 220,1274 278,1273 336,1272 395,1271 453,1270 511,1270 569,1269 627,1269 686,1268 744,1268 802,1268 860,1267 918,1266 977,1265 1035,1263 1093,1262 1151,1260 1209,1257 1268,1254 1268,1220 1209,1223 1151,1226 1093,1228 1035,1229 977,1231 918,1232 860,1233 802,1234 744,1234 686,1234 627,1235 569,1235 511,1236 453,1236 395,1237 336,1238 278,1239 220,1240 162,1242 104,1244"/>
                <Baseline points="104,1267 162,1265 220,1263 278,1262 336,1261 395,1260 453,1259 511,1259 569,1258 627,1258 686,1257 744,1257 802,1257 860,1256 918,1255 977,1254 1035,1252 1093,1251 1151,1249 1209,1246 1268,1243"/>
                <TextEquiv>
                    <Unicode>ten durch Seculariſationen, d. h. Sacrilegien, eingezogen haben. Er</Unicode>
                </TextEquiv>
            </TextLine>
            <TextLine id="r1l26" custom="readingOrder {index:25;}">
                <Coords points="102,1327 160,1325 218,1323 276,1322 335,1321 393,1320 451,1319 510,1319 568,1318 626,1318 685,1317 743,1317 801,1316 859,1315 918,1315 976,1313 1034,1312 1093,1310 1151,1308 1209,1305 1268,1302 1268,1268 1209,1271 1151,1274 1093,1276 1034,1278 976,1279 918,1281 859,1281 801,1282 743,1283 685,1283 626,1284 568,1284 510,1285 451,1285 393,1286 335,1287 276,1288 218,1289 160,1291 102,1293"/>
                <Baseline points="102,1316 160,1314 218,1312 276,1311 335,1310 393,1309 451,1308 510,1308 568,1307 626,1307 685,1306 743,1306 801,1305 859,1304 918,1304 976,1302 1034,1301 1093,1299 1151,1297 1209,1294 1268,1291"/>
                <TextEquiv>
                    <Unicode>droht ganz kapuzinermäßig mit dem Fluche, wenn der Staat nicht alles</Unicode>
                </TextEquiv>
            </TextLine>
            <TextLine id="r1l27" custom="readingOrder {index:26;}">
                <Coords points="105,1376 163,1374 221,1372 279,1371 337,1370 395,1369 453,1368 511,1368 569,1367 627,1367 685,1367 743,1366 801,1366 859,1365 917,1364 975,1363 1033,1361 1091,1360 1149,1357 1207,1354 1266,1351 1266,1317 1207,1320 1149,1323 1091,1326 1033,1327 975,1329 917,1330 859,1331 801,1332 743,1332 685,1333 627,1333 569,1333 511,1334 453,1334 395,1335 337,1336 279,1337 221,1338 163,1340 105,1342"/>
                <Baseline points="105,1365 163,1363 221,1361 279,1360 337,1359 395,1358 453,1357 511,1357 569,1356 627,1356 685,1356 743,1355 801,1355 859,1354 917,1353 975,1352 1033,1350 1091,1349 1149,1346 1207,1343 1266,1340"/>
                <TextEquiv>
                    <Unicode>herausgiebt (S. 268.). Ref. möchte wiſſen, ob, wenn man einmal die</Unicode>
                </TextEquiv>
            </TextLine>
            <TextLine id="r1l28" custom="readingOrder {index:27;}">
                <Coords points="107,1424 164,1423 222,1421 280,1420 338,1419 396,1418 454,1418 511,1417 569,1417 627,1416 685,1416 743,1415 801,1414 859,1414 916,1413 974,1412 1032,1411 1090,1409 1148,1407 1206,1405 1264,1403 1264,1369 1206,1371 1148,1373 1090,1375 1032,1377 974,1378 916,1379 859,1380 801,1380 743,1381 685,1382 627,1382 569,1383 511,1383 454,1384 396,1384 338,1385 280,1386 222,1387 164,1389 107,1390"/>
                <Baseline points="107,1413 164,1412 222,1410 280,1409 338,1408 396,1407 454,1407 511,1406 569,1406 627,1405 685,1405 743,1404 801,1403 859,1403 916,1402 974,1401 1032,1400 1090,1398 1148,1396 1206,1394 1264,1392"/>
                <TextEquiv>
                    <Unicode>Einwohner der reſpectiven Staaten nach den Vorſchlägen der freien Kirche</Unicode>
                </TextEquiv>
            </TextLine>
            <TextLine id="r1l29" custom="readingOrder {index:28;}">
                <Coords points="108,1473 165,1472 223,1470 281,1469 338,1469 396,1468 454,1467 511,1467 569,1466 627,1466 685,1465 742,1465 800,1464 858,1463 915,1462 973,1461 1031,1459 1088,1458 1146,1456 1204,1454 1262,1451 1262,1417 1204,1420 1146,1422 1088,1424 1031,1425 973,1427 915,1428 858,1429 800,1430 742,1431 685,1431 627,1432 569,1432 511,1433 454,1433 396,1434 338,1435 281,1435 223,1436 165,1438 108,1439"/>
                <Baseline points="108,1462 165,1461 223,1459 281,1458 338,1458 396,1457 454,1456 511,1456 569,1455 627,1455 685,1454 742,1454 800,1453 858,1452 915,1451 973,1450 1031,1448 1088,1447 1146,1445 1204,1443 1262,1440"/>
                <TextEquiv>
                    <Unicode>als Glieder einer ſolchen darüber kopfweiſe abſtimmen ließe, ob ſie den</Unicode>
                </TextEquiv>
            </TextLine>
            <TextLine id="r1l30" custom="readingOrder {index:29;}">
                <Coords points="108,1523 166,1521 224,1519 282,1518 340,1517 399,1516 457,1516 515,1515 573,1515 631,1515 690,1514 748,1514 806,1513 864,1512 922,1511 981,1510 1039,1509 1097,1506 1155,1504 1213,1501 1272,1498 1272,1464 1213,1467 1155,1470 1097,1472 1039,1475 981,1476 922,1477 864,1478 806,1479 748,1480 690,1480 631,1481 573,1481 515,1481 457,1482 399,1482 340,1483 282,1484 224,1485 166,1487 108,1489"/>
                <Baseline points="108,1512 166,1510 224,1508 282,1507 340,1506 399,1505 457,1505 515,1504 573,1504 631,1504 690,1503 748,1503 806,1502 864,1501 922,1500 981,1499 1039,1498 1097,1495 1155,1493 1213,1490 1272,1487"/>
                <TextEquiv>
                    <Unicode>Ausfall in den Staatseinkünften, welcher durch Ausſcheidung der Kirchen⸗</Unicode>
                </TextEquiv>
            </TextLine>
            <TextLine id="r1l31" custom="readingOrder {index:30;}">
                <Coords points="103,1574 161,1571 219,1570 277,1568 335,1567 393,1566 451,1565 509,1564 567,1564 625,1564 683,1563 741,1563 799,1562 857,1562 915,1561 973,1560 1031,1558 1089,1556 1147,1554 1205,1551 1264,1547 1264,1514 1205,1518 1147,1521 1089,1523 1031,1525 973,1527 915,1528 857,1529 799,1529 741,1530 683,1530 625,1531 567,1531 509,1531 451,1532 393,1533 335,1534 277,1535 219,1537 161,1538 103,1541"/>
                <Baseline points="103,1563 161,1560 219,1559 277,1557 335,1556 393,1555 451,1554 509,1553 567,1553 625,1553 683,1552 741,1552 799,1551 857,1551 915,1550 973,1549 1031,1547 1089,1545 1147,1543 1205,1540 1264,1536"/>
                <TextEquiv>
                    <Unicode>güter entſtehen würde, durch Steuern decken wollten, das Rettigſche Re</Unicode>
                </TextEquiv>
            </TextLine>
            <TextLine id="line_1620890119974_519" custom="readingOrder {index:31;}">
                <Coords points="113,1586 144,1585 1268,1558 1268,1591 1242,1595 1216,1598 1164,1603 1139,1605 1061,1608 752,1614 113,1620"/>
                <Baseline points="113,1609 144,1608 175,1608 207,1607 238,1606 269,1606 301,1605 332,1605 363,1604 395,1604 426,1603 457,1603 489,1602 520,1602 551,1602 583,1601 614,1601 645,1601 677,1600 708,1600 740,1600 752,1603 777,1601 803,1600 829,1599 855,1598 881,1598 906,1597 932,1597 958,1597 984,1597 1010,1597 1035,1597 1061,1597 1087,1596 1113,1595 1139,1594 1164,1592 1190,1589 1216,1587 1242,1584 1268,1580"/>
                <TextEquiv>
                    <Unicode>ſtitutionsedict viel Beifall finden würde. — Die freie Kirche ſchließt mit</Unicode>
                </TextEquiv>
            </TextLine>
            <TextLine id="r1l34" custom="readingOrder {index:32;}">
                <Coords points="104,1671 162,1669 220,1667 278,1666 336,1665 395,1664 453,1663 511,1663 569,1662 627,1662 686,1661 744,1661 802,1660 860,1659 918,1658 977,1657 1035,1656 1093,1654 1151,1651 1209,1648 1268,1645 1268,1611 1209,1614 1151,1617 1093,1620 1035,1622 977,1623 918,1624 860,1625 802,1626 744,1627 686,1627 627,1628 569,1628 511,1629 453,1629 395,1630 336,1631 278,1632 220,1633 162,1635 104,1637"/>
                <Baseline points="104,1660 162,1658 220,1656 278,1655 336,1654 395,1653 453,1652 511,1652 569,1651 627,1651 686,1650 744,1650 802,1649 860,1648 918,1647 977,1646 1035,1645 1093,1643 1151,1640 1209,1637 1268,1634"/>
                <TextEquiv>
                    <Unicode>einem prophetiſchen Lehrſtück, der Generalſynode als Darſtellung der äuße⸗</Unicode>
                </TextEquiv>
            </TextLine>
            <TextLine id="r1l35" custom="readingOrder {index:33;}">
                <Coords points="108,1721 166,1719 224,1717 282,1716 340,1715 398,1714 456,1713 514,1713 572,1713 630,1712 689,1712 747,1711 805,1711 863,1710 921,1709 979,1708 1037,1706 1095,1704 1153,1701 1211,1698 1270,1694 1270,1658 1211,1662 1153,1665 1095,1668 1037,1670 979,1672 921,1673 863,1674 805,1675 747,1675 689,1676 630,1676 572,1677 514,1677 456,1677 398,1678 340,1679 282,1680 224,1681 166,1683 108,1685"/>
                <Baseline points="108,1709 166,1707 224,1705 282,1704 340,1703 398,1702 456,1701 514,1701 572,1701 630,1700 689,1700 747,1699 805,1699 863,1698 921,1697 979,1696 1037,1694 1095,1692 1153,1689 1211,1686 1270,1682"/>
                <TextEquiv>
                    <Unicode>ren Einheit der proteſtantiſchen Kirche. Dieſe, welche S. 101. unmöglich</Unicode>
                </TextEquiv>
            </TextLine>
            <TextLine id="r1l36" custom="readingOrder {index:34;}">
                <Coords points="102,1770 160,1768 218,1766 276,1764 334,1763 393,1762 451,1761 509,1761 567,1761 625,1760 684,1760 742,1760 800,1759 858,1758 916,1757 975,1756 1033,1754 1091,1752 1149,1750 1207,1747 1266,1743 1266,1709 1207,1713 1149,1716 1091,1718 1033,1720 975,1722 916,1723 858,1724 800,1725 742,1726 684,1726 625,1726 567,1727 509,1727 451,1727 393,1728 334,1729 276,1730 218,1732 160,1734 102,1736"/>
                <Baseline points="102,1759 160,1757 218,1755 276,1753 334,1752 393,1751 451,1750 509,1750 567,1750 625,1749 684,1749 742,1749 800,1748 858,1747 916,1746 975,1745 1033,1743 1091,1741 1149,1739 1207,1736 1266,1732"/>
                <TextEquiv>
                    <Unicode>geweſen, wird S. 331. wenigſtens noch weit hinausgeſchoben, da der Vf.</Unicode>
                </TextEquiv>
            </TextLine>
            <TextLine id="r1l37" custom="readingOrder {index:35;}">
                <Coords points="110,1817 167,1816 225,1814 283,1813 341,1813 399,1812 457,1811 515,1811 573,1811 631,1810 689,1810 746,1809 804,1808 862,1807 920,1806 978,1805 1036,1803 1094,1801 1152,1798 1210,1795 1268,1791 1268,1757 1210,1761 1152,1764 1094,1767 1036,1769 978,1771 920,1772 862,1773 804,1774 746,1775 689,1776 631,1776 573,1777 515,1777 457,1777 399,1778 341,1779 283,1779 225,1780 167,1782 110,1783"/>
                <Baseline points="110,1806 167,1805 225,1803 283,1802 341,1802 399,1801 457,1800 515,1800 573,1800 631,1799 689,1799 746,1798 804,1797 862,1796 920,1795 978,1794 1036,1792 1094,1790 1152,1787 1210,1784 1268,1780"/>
                <TextEquiv>
                    <Unicode>vermuthet, ſogar die Organiſation einer Landeskirche, wie ſie von ihm ver⸗</Unicode>
                </TextEquiv>
            </TextLine>
            <TextLine id="r1l38" custom="readingOrder {index:36;}">
                <Coords points="105,1866 163,1864 221,1863 280,1862 338,1861 397,1860 455,1860 514,1860 572,1860 631,1860 689,1859 747,1859 806,1858 864,1857 923,1856 981,1855 1040,1853 1098,1850 1157,1846 1215,1843 1274,1838 1274,1804 1215,1809 1157,1812 1098,1816 1040,1819 981,1821 923,1822 864,1823 806,1824 747,1825 689,1825 631,1826 572,1826 514,1826 455,1826 397,1826 338,1827 280,1828 221,1829 163,1830 105,1832"/>
                <Baseline points="105,1855 163,1853 221,1852 280,1851 338,1850 397,1849 455,1849 514,1849 572,1849 631,1849 689,1848 747,1848 806,1847 864,1846 923,1845 981,1844 1040,1842 1098,1839 1157,1835 1215,1832 1274,1827"/>
                <TextEquiv>
                    <Unicode>handelt wurde, werde noch fern liegen. Uns ſcheint ſie in der That auch</Unicode>
                </TextEquiv>
            </TextLine>
            <TextLine id="r1l39" custom="readingOrder {index:37;}">
                <Coords points="112,1917 170,1914 228,1913 286,1911 344,1910 402,1910 460,1909 518,1909 576,1909 634,1908 692,1908 750,1908 808,1907 866,1907 924,1905 982,1904 1040,1902 1098,1899 1156,1896 1214,1892 1272,1888 1272,1855 1214,1859 1156,1863 1098,1866 1040,1869 982,1871 924,1872 866,1874 808,1874 750,1875 692,1875 634,1875 576,1876 518,1876 460,1876 402,1877 344,1877 286,1878 228,1880 170,1881 112,1884"/>
                <Baseline points="112,1906 170,1903 228,1902 286,1900 344,1899 402,1899 460,1898 518,1898 576,1898 634,1897 692,1897 750,1897 808,1896 866,1896 924,1894 982,1893 1040,1891 1098,1888 1156,1885 1214,1881 1272,1877"/>
                <TextEquiv>
                    <Unicode>ſo fern zu liegen, daß ſie nur mit dem Aufhören aller menſchlichen Kir⸗</Unicode>
                </TextEquiv>
            </TextLine>
            <TextLine id="r1l40" custom="readingOrder {index:38;}">
                <Coords points="111,1963 156,1963 201,1962 247,1961 292,1961 338,1960 383,1959 428,1959 474,1958 519,1958 565,1958 610,1957 655,1957 701,1956 746,1956 792,1955 837,1954 882,1953 928,1953 973,1952 1019,1951 1019,1918 973,1919 928,1920 882,1920 837,1921 792,1922 746,1923 701,1923 655,1924 610,1924 565,1925 519,1925 474,1925 428,1926 383,1926 338,1927 292,1928 247,1928 201,1929 156,1930 111,1930"/>
                <Baseline points="111,1952 156,1952 201,1951 247,1950 292,1950 338,1949 383,1948 428,1948 474,1947 519,1947 565,1947 610,1946 655,1946 701,1945 746,1945 792,1944 837,1943 882,1942 928,1942 973,1941 1019,1940"/>
                <TextEquiv>
                    <Unicode>chen und aller geſunden Begriffe ins Leben treten kann.</Unicode>
                </TextEquiv>
            </TextLine>
            <TextLine id="r1l41" custom="readingOrder {index:39;}">
                <Coords points="186,2015 240,2012 295,2010 349,2009 404,2008 458,2007 513,2007 567,2007 622,2006 676,2006 731,2006 785,2006 840,2005 894,2004 949,2003 1003,2001 1058,1999 1112,1996 1167,1992 1221,1988 1276,1982 1276,1948 1221,1954 1167,1958 1112,1962 1058,1965 1003,1967 949,1969 894,1970 840,1971 785,1972 731,1972 676,1972 622,1972 567,1973 513,1973 458,1973 404,1974 349,1975 295,1976 240,1978 186,1981"/>
                <Baseline points="186,2004 240,2001 295,1999 349,1998 404,1997 458,1996 513,1996 567,1996 622,1995 676,1995 731,1995 785,1995 840,1994 894,1993 949,1992 1003,1990 1058,1988 1112,1985 1167,1981 1221,1977 1276,1971"/>
                <TextEquiv>
                    <Unicode>Zum Schluſſe ſtehe noch eine Charakteriſtik der proteſtantiſchen Kirche</Unicode>
                </TextEquiv>
            </TextLine>
            <TextLine id="r1l42" custom="readingOrder {index:40;}">
                <Coords points="102,2064 160,2061 219,2060 277,2059 336,2058 395,2057 453,2057 512,2057 570,2057 629,2056 688,2056 746,2056 805,2055 863,2054 922,2052 981,2050 1039,2048 1098,2044 1156,2041 1215,2036 1274,2031 1274,1997 1215,2002 1156,2007 1098,2010 1039,2014 981,2016 922,2018 863,2020 805,2021 746,2022 688,2022 629,2022 570,2023 512,2023 453,2023 395,2023 336,2024 277,2025 219,2026 160,2027 102,2030"/>
                <Baseline points="102,2053 160,2050 219,2049 277,2048 336,2047 395,2046 453,2046 512,2046 570,2046 629,2045 688,2045 746,2045 805,2044 863,2043 922,2041 981,2039 1039,2037 1098,2033 1156,2030 1215,2025 1274,2020"/>
                <TextEquiv>
                    <Unicode>von dem Verf. hier, welche ihn ſelbſt und den Geiſt des Standpunkts der</Unicode>
                </TextEquiv>
            </TextLine>
            <TextLine id="r1l43" custom="readingOrder {index:41;}">
                <Coords points="106,2115 164,2112 223,2110 281,2109 340,2108 398,2107 457,2106 515,2106 574,2106 632,2106 691,2106 749,2106 808,2105 866,2104 925,2103 983,2101 1042,2099 1100,2096 1159,2091 1217,2087 1276,2081 1276,2045 1217,2051 1159,2055 1100,2060 1042,2063 983,2065 925,2067 866,2068 808,2069 749,2070 691,2070 632,2070 574,2070 515,2070 457,2070 398,2071 340,2072 281,2073 223,2074 164,2076 106,2079"/>
                <Baseline points="106,2103 164,2100 223,2098 281,2097 340,2096 398,2095 457,2094 515,2094 574,2094 632,2094 691,2094 749,2094 808,2093 866,2092 925,2091 983,2089 1042,2087 1100,2084 1159,2079 1217,2075 1276,2069"/>
                <TextEquiv>
                    <Unicode>freien Kirche bezeichnend charakteriſirt. S. 274. „Jetzt iſt die proteſtanti⸗</Unicode>
                </TextEquiv>
            </TextLine>
            <TextLine id="r1l44" custom="readingOrder {index:42;}">
                <Coords points="112,2162 170,2160 228,2158 286,2157 344,2156 403,2155 461,2155 519,2155 577,2155 635,2154 694,2154 752,2154 810,2153 868,2152 926,2151 985,2149 1043,2146 1101,2144 1159,2140 1217,2136 1276,2130 1276,2096 1217,2102 1159,2106 1101,2110 1043,2112 985,2115 926,2117 868,2118 810,2119 752,2120 694,2120 635,2120 577,2121 519,2121 461,2121 403,2121 344,2122 286,2123 228,2124 170,2126 112,2128"/>
                <Baseline points="112,2151 170,2149 228,2147 286,2146 344,2145 403,2144 461,2144 519,2144 577,2144 635,2143 694,2143 752,2143 810,2142 868,2141 926,2140 985,2138 1043,2135 1101,2133 1159,2129 1217,2125 1276,2119"/>
                <TextEquiv>
                    <Unicode>ſche Kirche eine faulende, ſumpfige Maſſe, auf der die Theologen, gleich</Unicode>
                </TextEquiv>
            </TextLine>
            <TextLine id="r1l45" custom="readingOrder {index:43;}">
                <Coords points="108,2213 165,2210 223,2208 280,2206 338,2205 396,2204 453,2204 511,2203 568,2203 626,2203 684,2203 741,2202 799,2202 856,2201 914,2200 972,2198 1029,2196 1087,2193 1144,2190 1202,2185 1260,2180 1260,2146 1202,2151 1144,2156 1087,2159 1029,2162 972,2164 914,2166 856,2167 799,2168 741,2168 684,2169 626,2169 568,2169 511,2169 453,2170 396,2170 338,2171 280,2172 223,2174 165,2176 108,2179"/>
                <Baseline points="108,2202 165,2199 223,2197 280,2195 338,2194 396,2193 453,2193 511,2192 568,2192 626,2192 684,2192 741,2191 799,2191 856,2190 914,2189 972,2187 1029,2185 1087,2182 1144,2179 1202,2174 1260,2169"/>
                <TextEquiv>
                    <Unicode>jenen Waſſerſpinnen, ſich hin und her bewegen und einander verjagen und</Unicode>
                </TextEquiv>
            </TextLine>
            <TextLine id="r1l46" custom="readingOrder {index:44;}">
                <Coords points="106,2261 164,2258 222,2256 280,2254 338,2253 397,2252 455,2252 513,2252 571,2252 629,2252 688,2252 746,2252 804,2251 862,2251 920,2249 979,2248 1037,2245 1095,2242 1153,2238 1211,2234 1270,2228 1270,2194 1211,2200 1153,2204 1095,2208 1037,2211 979,2214 920,2215 862,2217 804,2217 746,2218 688,2218 629,2218 571,2218 513,2218 455,2218 397,2218 338,2219 280,2220 222,2222 164,2224 106,2227"/>
                <Baseline points="106,2250 164,2247 222,2245 280,2243 338,2242 397,2241 455,2241 513,2241 571,2241 629,2241 688,2241 746,2241 804,2240 862,2240 920,2238 979,2237 1037,2234 1095,2231 1153,2227 1211,2223 1270,2217"/>
                <TextEquiv>
                    <Unicode>befehden, während das ganze Element, auf dem ſie ſchwimmen, kaum auf</Unicode>
                </TextEquiv>
            </TextLine>
            <TextEquiv>
                <Unicode>Evangeliſches Kirchenrecht.
62
ſchenswerth iſt, beſonders da nur durch Zuſammenſtehen mehrerer Gemein⸗
den die Aufwendung von Mitteln möglich iſt, welche die Kräfte der ein⸗
zelnen überſteigen und doch vom Geſellſchaftszwecke gefordert werden, verei⸗
nigen ſich nun einzelne Gemeinden zu einer Samtgemeinde (Synode).
Dieß vornehmlich zum Schutz gegen den Staat, zur letzten Entſcheidung
über Amtsverletzungen der Kirchendiener, ſo wie zur Prüfung dieſer ſelbſt.
Denn für Liturgie, für Bildung und Anſtellung der Kirchendiener braucht
die Kirche nicht zu ſorgen. Jene, die Bildung der Religionslehrer, iſt am
beſten der Privatbetriebſamkeit zu überlaſſen, auf keinen Fall können der,
Kirche geordnete Anſtalten dafür zugemuthet werden. Da meint doch die
freie Kirche in Amerika, es wären theologiſche Seminarien wünſchenswer⸗
ther, als ihre Geiſtlichen von andern praktiſch zurichten zu laſſen. Mit
welchem Rechte die freie Kirche ihrer Prüfungscommiſſion, unter der auch
Layen ſeyn ſollen, vorſchreibt, ihr Tüchtigkeitszeugniß von einem Zeugniß einer
Staatsbehörde, daß der Candidat die für jeden Staatsdiener nöthigen Kennt⸗
niſſe in allgemein wiſſenſchaftlicher Beziehung beſitze, abhängig zu machen, leuch⸗
tet nicht ein. Wenn eine freie Gemeinde nun keinen ſtudirten Geiſtlichen ha⸗
ben will, wer hat ihr darein zu reden? Es iſt (S. 140.) ein freier Aci
der Gemeinde, die den Mißgriff ſich ſelbſt zuzuſchreiben hat. — Wenn
es übrigens einer Samtfreikirche einfallen ſollte, eine theologiſche Bil⸗
dungsanſtalt zu gründen, ſo kommt glücklicher Weiſe, aber wie zufällig,
dem Verf. die Erinnerung an das alte Gut der Kirche, welches die Staa⸗
ten durch Seculariſationen, d. h. Sacrilegien, eingezogen haben. Er
droht ganz kapuzinermäßig mit dem Fluche, wenn der Staat nicht alles
herausgiebt (S. 268.). Ref. möchte wiſſen, ob, wenn man einmal die
Einwohner der reſpectiven Staaten nach den Vorſchlägen der freien Kirche
als Glieder einer ſolchen darüber kopfweiſe abſtimmen ließe, ob ſie den
Ausfall in den Staatseinkünften, welcher durch Ausſcheidung der Kirchen⸗
güter entſtehen würde, durch Steuern decken wollten, das Rettigſche Re
ſtitutionsedict viel Beifall finden würde. — Die freie Kirche ſchließt mit
einem prophetiſchen Lehrſtück, der Generalſynode als Darſtellung der äuße⸗
ren Einheit der proteſtantiſchen Kirche. Dieſe, welche S. 101. unmöglich
geweſen, wird S. 331. wenigſtens noch weit hinausgeſchoben, da der Vf.
vermuthet, ſogar die Organiſation einer Landeskirche, wie ſie von ihm ver⸗
handelt wurde, werde noch fern liegen. Uns ſcheint ſie in der That auch
ſo fern zu liegen, daß ſie nur mit dem Aufhören aller menſchlichen Kir⸗
chen und aller geſunden Begriffe ins Leben treten kann.
Zum Schluſſe ſtehe noch eine Charakteriſtik der proteſtantiſchen Kirche
von dem Verf. hier, welche ihn ſelbſt und den Geiſt des Standpunkts der
freien Kirche bezeichnend charakteriſirt. S. 274. „Jetzt iſt die proteſtanti⸗
ſche Kirche eine faulende, ſumpfige Maſſe, auf der die Theologen, gleich
jenen Waſſerſpinnen, ſich hin und her bewegen und einander verjagen und
befehden, während das ganze Element, auf dem ſie ſchwimmen, kaum auf</Unicode>
            </TextEquiv>
        </TextRegion>
    </Page>
</PcGts>
