<?xml version="1.0" encoding="UTF-8" standalone="yes"?>
<PcGts xmlns="http://schema.primaresearch.org/PAGE/gts/pagecontent/2013-07-15" xmlns:xsi="http://www.w3.org/2001/XMLSchema-instance" xsi:schemaLocation="http://schema.primaresearch.org/PAGE/gts/pagecontent/2013-07-15 http://schema.primaresearch.org/PAGE/gts/pagecontent/2013-07-15/pagecontent.xsd">
    <Metadata>
        <Creator>prov=University of Rostock/Institute of Mathematics/CITlab|PLANET AI GmbH/Gundram Leifert/gundram.leifert@planet-ai.de:name=Noscemus GM 3.0(htr_id=26395)::::v=2.6.7
prov=University of Rostock/Institute of Mathematics/CITlab|PLANET AI GmbH/Tobias Gruening/tobias.gruening@planet-ai.de:name=de.uros.citlab.module.baseline2polygon.B2PSeamMultiOriented:v=2.6.7
prov=University of Rostock/Institute of Mathematics/CITlab|PLANET AI GmbH/Gundram Leifert/gundram.leifert@planet-ai.de:name=Noscemus GM 3.0(htr_id=26395)::::v=2.6.7
prov=University of Rostock/Institute of Mathematics/CITlab|PLANET AI GmbH/Tobias Gruening/tobias.gruening@planet-ai.de:name=de.uros.citlab.module.baseline2polygon.B2PSeamMultiOriented:v=2.6.7
prov=University of Rostock/Institute of Mathematics/CITlab|PLANET AI GmbH/Tobias Gruening/tobias.gruening@planet-ai.de:name=/net_tf/LA73_249_0mod360.pb:de.uros.citlab.segmentation.CITlab_LA_ML:v=2.6.7
Transkribus</Creator>
        <Created>2020-11-23T11:54:15.791+01:00</Created>
        <LastChange>2021-05-13T09:23:04.867+02:00</LastChange>
        <TranskribusMetadata docId="543221" pageId="22808922" pageNr="12" tsid="57821621" status="GT" userId="78683" imgUrl="https://files.transkribus.eu/Get?id=LMMHPGSXOGRBCFQOIHQQHEQT&amp;fileType=view" xmlUrl="https://files.transkribus.eu/Get?id=UIWILYQUXSEJQARAOMKPNEWA" imageId="17784600"/>
    </Metadata>
    <Page imageFilename="artl_002_00069.tif" imageWidth="1346" imageHeight="2449">
        <ReadingOrder>
            <OrderedGroup id="ro_1626328012601" caption="Regions reading order">
                <RegionRefIndexed index="0" regionRef="r1"/>
            </OrderedGroup>
        </ReadingOrder>
        <TextRegion orientation="0.0" id="r1" custom="readingOrder {index:0;}">
            <Coords points="95,100 95,2320 1294,2320 1294,100"/>
            <TextLine id="r1l1" custom="readingOrder {index:0;}">
                <Coords points="203,140 252,141 302,143 352,144 402,145 451,146 501,147 551,148 601,148 650,149 700,149 750,149 800,149 849,149 899,148 949,148 999,147 1048,147 1098,146 1148,145 1198,144 1198,104 1148,105 1098,106 1048,107 999,107 949,108 899,108 849,109 800,109 750,109 700,109 650,109 601,108 551,108 501,107 451,106 402,105 352,104 302,103 252,101 203,100"/>
                <Baseline points="203,127 252,128 302,130 352,131 402,132 451,133 501,134 551,135 601,135 650,136 700,136 750,136 800,136 849,136 899,135 949,135 999,134 1048,134 1098,133 1148,132 1198,131"/>
                <TextEquiv>
                    <Unicode>Allgemeines Repertorium</Unicode>
                </TextEquiv>
            </TextLine>
            <TextLine id="r1l2" custom="readingOrder {index:1;}">
                <Coords points="654,225 684,222 715,221 746,223 746,183 715,181 684,182 654,185"/>
                <Baseline points="654,212 684,209 715,208 746,210"/>
                <TextEquiv>
                    <Unicode>fuͤr</Unicode>
                </TextEquiv>
            </TextLine>
            <TextLine id="r1l3" custom="readingOrder {index:2;}">
                <Coords points="121,283 177,286 234,289 291,292 348,294 405,295 462,296 518,297 575,298 632,299 689,299 746,299 803,299 860,299 916,299 973,298 1030,298 1087,298 1144,298 1201,298 1258,298 1258,258 1201,258 1144,258 1087,258 1030,258 973,258 916,259 860,259 803,259 746,259 689,259 632,259 575,258 518,257 462,256 405,255 348,254 291,252 234,249 177,246 121,243"/>
                <Baseline points="121,270 177,273 234,276 291,279 348,281 405,282 462,283 518,284 575,285 632,286 689,286 746,286 803,286 860,286 916,286 973,285 1030,285 1087,285 1144,285 1201,285 1258,285"/>
                <TextEquiv>
                    <Unicode>die theologiſche Literatur und kirchliche Statiſtik.</Unicode>
                </TextEquiv>
            </TextLine>
            <TextLine id="r1l5" custom="readingOrder {index:3;}">
                <Coords points="102,394 127,400 153,404 179,408 205,410 231,413 257,415 257,375 231,373 205,370 179,368 153,364 127,360 102,354"/>
                <Baseline points="102,381 127,387 153,391 179,395 205,397 231,400 257,402"/>
                <TextEquiv>
                    <Unicode>21. Juli.</Unicode>
                </TextEquiv>
            </TextLine>
            <TextLine id="r1l6" custom="readingOrder {index:4;}">
                <Coords points="1200,418 1228,419 1256,417 1285,417 1285,377 1256,377 1228,379 1200,378"/>
                <Baseline points="1200,405 1228,406 1256,404 1285,404"/>
                <TextEquiv>
                    <Unicode>1833.</Unicode>
                </TextEquiv>
            </TextLine>
            <TextLine id="r1l7" custom="readingOrder {index:5;}">
                <Coords points="612,419 640,419 668,419 696,419 724,420 752,420 780,423 780,383 752,380 724,380 696,379 668,379 640,379 612,379"/>
                <Baseline points="612,406 640,406 668,406 696,406 724,407 752,407 780,410"/>
                <TextEquiv>
                    <Unicode>№ 5.</Unicode>
                </TextEquiv>
            </TextLine>
            <TextLine id="r1l8" custom="readingOrder {index:6;}">
                <Coords points="428,548 454,549 481,549 508,549 535,549 562,549 588,549 615,549 642,549 669,549 696,549 722,550 749,550 776,550 803,551 830,551 856,552 883,553 910,554 937,556 964,558 964,518 937,516 910,514 883,513 856,512 830,511 803,511 776,510 749,510 722,510 696,509 669,509 642,509 615,509 588,509 562,509 535,509 508,509 481,509 454,509 428,508"/>
                <Baseline points="428,535 454,536 481,536 508,536 535,536 562,536 588,536 615,536 642,536 669,536 696,536 722,537 749,537 776,537 803,538 830,538 856,539 883,540 910,541 937,543 964,545"/>
                <TextEquiv>
                    <Unicode>Exegetische Theologie.</Unicode>
                </TextEquiv>
            </TextLine>
            <TextLine id="r1l9" custom="readingOrder {index:7;}">
                <Coords points="137,604 194,605 251,607 309,608 366,609 424,610 481,611 538,612 596,613 653,613 711,613 768,614 825,614 883,615 940,616 998,616 1055,617 1112,618 1170,619 1227,620 1285,622 1285,589 1227,587 1170,586 1112,585 1055,584 998,583 940,583 883,582 825,581 768,581 711,580 653,580 596,580 538,579 481,578 424,577 366,576 309,575 251,574 194,572 137,571"/>
                <Baseline points="137,593 194,594 251,596 309,597 366,598 424,599 481,600 538,601 596,602 653,602 711,602 768,603 825,603 883,604 940,605 998,605 1055,606 1112,607 1170,608 1227,609 1285,611"/>
                <TextEquiv>
                    <Unicode>Das Neue Teſtament nach der deutſchen Ueberſetzung Dr. Martin Luthers.</Unicode>
                </TextEquiv>
            </TextLine>
            <TextLine id="r1l10" custom="readingOrder {index:8;}">
                <Coords points="175,648 233,650 292,652 351,653 410,654 469,655 528,656 587,656 646,657 705,658 763,658 822,658 881,659 940,660 999,660 1058,661 1117,662 1176,663 1235,665 1294,666 1294,635 1235,634 1176,632 1117,631 1058,630 999,629 940,629 881,628 822,627 763,627 705,627 646,626 587,625 528,625 469,624 410,623 351,622 292,621 233,619 175,617"/>
                <Baseline points="175,638 233,640 292,642 351,643 410,644 469,645 528,646 587,646 646,647 705,648 763,648 822,648 881,649 940,650 999,650 1058,651 1117,652 1176,653 1235,655 1294,656"/>
                <TextEquiv>
                    <Unicode>Mit Anmerkungen, Einleitungen, einer Harmonie der vier Evangelien,</Unicode>
                </TextEquiv>
            </TextLine>
            <TextLine id="r1l11" custom="readingOrder {index:9;}">
                <Coords points="177,694 232,696 288,697 343,698 399,699 454,700 510,701 565,702 621,702 676,703 732,703 787,703 843,704 898,704 954,705 1009,705 1065,706 1120,706 1176,707 1231,708 1287,709 1287,678 1231,677 1176,676 1120,675 1065,675 1009,674 954,674 898,673 843,673 787,672 732,672 676,672 621,671 565,671 510,670 454,669 399,668 343,667 288,666 232,665 177,663"/>
                <Baseline points="177,684 232,686 288,687 343,688 399,689 454,690 510,691 565,692 621,692 676,693 732,693 787,693 843,694 898,694 954,695 1009,695 1065,696 1120,696 1176,697 1231,698 1287,699"/>
                <TextEquiv>
                    <Unicode>einem Aufſatze über Paläſtina und ſeine Bewohner, einer Zeittafel über</Unicode>
                </TextEquiv>
            </TextLine>
            <TextLine id="r1l12" custom="readingOrder {index:10;}">
                <Coords points="179,739 234,741 290,742 345,743 401,744 457,745 512,746 568,747 623,747 679,748 735,748 790,749 846,749 901,749 957,750 1013,750 1068,751 1124,752 1179,752 1235,753 1291,755 1291,724 1235,722 1179,721 1124,721 1068,720 1013,719 957,719 901,718 846,718 790,718 735,717 679,717 623,716 568,716 512,715 457,714 401,713 345,712 290,711 234,710 179,708"/>
                <Baseline points="179,729 234,731 290,732 345,733 401,734 457,735 512,736 568,737 623,737 679,738 735,738 790,739 846,739 901,739 957,740 1013,740 1068,741 1124,742 1179,742 1235,743 1291,745"/>
                <TextEquiv>
                    <Unicode>die Apoſtelgeſchichte, und einem ausführlichen Sachregiſter verſehen. Zum</Unicode>
                </TextEquiv>
            </TextLine>
            <TextLine id="r1l13" custom="readingOrder {index:11;}">
                <Coords points="177,782 232,784 287,786 343,787 398,789 454,790 509,791 564,791 620,792 675,793 731,793 786,794 841,794 897,794 952,795 1008,795 1063,796 1118,796 1174,797 1229,797 1285,798 1285,767 1229,766 1174,766 1118,765 1063,765 1008,764 952,764 897,763 841,763 786,763 731,762 675,762 620,761 564,760 509,760 454,759 398,758 343,756 287,755 232,753 177,751"/>
                <Baseline points="177,772 232,774 287,776 343,777 398,779 454,780 509,781 564,781 620,782 675,783 731,783 786,784 841,784 897,784 952,785 1008,785 1063,786 1118,786 1174,787 1229,787 1285,788"/>
                <TextEquiv>
                    <Unicode>Gebrauch für alle Freunde des göttlichen Wortes, inſonderheit für Leh⸗</Unicode>
                </TextEquiv>
            </TextLine>
            <TextLine id="r1l14" custom="readingOrder {index:12;}">
                <Coords points="169,826 224,829 280,830 336,832 392,833 448,834 503,835 559,836 615,837 671,837 727,838 782,838 838,838 894,839 950,839 1006,840 1061,840 1117,841 1173,842 1229,843 1285,845 1285,814 1229,812 1173,811 1117,810 1061,809 1006,809 950,808 894,808 838,807 782,807 727,807 671,806 615,806 559,805 503,804 448,803 392,802 336,801 280,799 224,798 169,795"/>
                <Baseline points="169,816 224,819 280,820 336,822 392,823 448,824 503,825 559,826 615,827 671,827 727,828 782,828 838,828 894,829 950,829 1006,830 1061,830 1117,831 1173,832 1229,833 1285,835"/>
                <TextEquiv>
                    <Unicode>rer in Kirchen und Schulen, bearbeitet von Friedr. Guſtav Lisco, Pre⸗</Unicode>
                </TextEquiv>
            </TextLine>
            <TextLine id="r1l15" custom="readingOrder {index:13;}">
                <Coords points="175,871 230,874 286,875 341,877 397,878 452,879 508,880 563,881 619,881 674,882 730,882 786,883 841,883 897,883 952,884 1008,884 1063,885 1119,885 1174,887 1230,888 1286,889 1286,858 1230,857 1174,856 1119,854 1063,854 1008,853 952,853 897,852 841,852 786,852 730,851 674,851 619,850 563,850 508,849 452,848 397,847 341,846 286,844 230,843 175,840"/>
                <Baseline points="175,861 230,864 286,865 341,867 397,868 452,869 508,870 563,871 619,871 674,872 730,872 786,873 841,873 897,873 952,874 1008,874 1063,875 1119,875 1174,877 1230,878 1286,879"/>
                <TextEquiv>
                    <Unicode>diger an der St. Gertraud⸗Kirche in Berlin. Berlin 1833. Enslinſche</Unicode>
                </TextEquiv>
            </TextLine>
            <TextLine id="r1l16" custom="readingOrder {index:14;}">
                <Coords points="177,917 232,919 288,921 343,922 399,923 455,924 510,925 566,926 621,926 677,927 733,927 788,927 844,927 899,928 955,928 1011,929 1066,930 1122,931 1177,932 1233,934 1289,935 1289,904 1233,903 1177,901 1122,900 1066,899 1011,898 955,897 899,897 844,896 788,896 733,896 677,896 621,895 566,895 510,894 455,893 399,892 343,891 288,890 232,888 177,886"/>
                <Baseline points="177,907 232,909 288,911 343,912 399,913 455,914 510,915 566,916 621,916 677,917 733,917 788,917 844,917 899,918 955,918 1011,919 1066,920 1122,921 1177,922 1233,924 1289,925"/>
                <TextEquiv>
                    <Unicode>Buchhandlung. 1ſte bis 3te Lieferung. (Evangelien.) à Liefrg. 7½ ſgr.</Unicode>
                </TextEquiv>
            </TextLine>
            <TextLine id="r1l17" custom="readingOrder {index:15;}">
                <Coords points="167,973 222,975 278,977 334,979 390,980 446,981 501,982 557,982 613,983 669,983 725,983 780,984 836,984 892,984 948,985 1004,985 1059,985 1115,986 1171,987 1227,988 1283,990 1283,957 1227,955 1171,954 1115,953 1059,952 1004,952 948,952 892,951 836,951 780,951 725,950 669,950 613,950 557,949 501,949 446,948 390,947 334,946 278,944 222,942 167,940"/>
                <Baseline points="167,962 222,964 278,966 334,968 390,969 446,970 501,971 557,971 613,972 669,972 725,972 780,973 836,973 892,973 948,974 1004,974 1059,974 1115,975 1171,976 1227,977 1283,979"/>
                <TextEquiv>
                    <Unicode>Das Bedürfniß eines bündigen, populären, nicht bloß aſcetiſche An⸗</Unicode>
                </TextEquiv>
            </TextLine>
            <TextLine id="r1l18" custom="readingOrder {index:16;}">
                <Coords points="107,1013 165,1018 224,1021 282,1025 341,1028 400,1030 458,1031 517,1032 575,1032 634,1032 693,1032 751,1032 810,1032 868,1032 927,1032 986,1032 1044,1032 1103,1033 1161,1035 1220,1037 1279,1039 1279,1006 1220,1004 1161,1002 1103,1000 1044,999 986,999 927,999 868,999 810,999 751,999 693,999 634,999 575,999 517,999 458,998 400,997 341,995 282,992 224,988 165,985 107,980"/>
                <Baseline points="107,1002 165,1007 224,1010 282,1014 341,1017 400,1019 458,1020 517,1021 575,1021 634,1021 693,1021 751,1021 810,1021 868,1021 927,1021 986,1021 1044,1021 1103,1022 1161,1024 1220,1026 1279,1028"/>
                <TextEquiv>
                    <Unicode>merkungen gebenden Commentars über das N. T. iſt trotz dem, was</Unicode>
                </TextEquiv>
            </TextLine>
            <TextLine id="r1l19" custom="readingOrder {index:17;}">
                <Coords points="111,1062 169,1067 228,1071 286,1074 345,1077 404,1079 462,1080 521,1081 579,1081 638,1081 697,1081 755,1080 814,1080 872,1080 931,1080 990,1080 1048,1081 1107,1082 1165,1084 1224,1086 1283,1090 1283,1056 1224,1052 1165,1050 1107,1048 1048,1047 990,1046 931,1046 872,1046 814,1046 755,1046 697,1047 638,1047 579,1047 521,1047 462,1046 404,1045 345,1043 286,1040 228,1037 169,1033 111,1028"/>
                <Baseline points="111,1051 169,1056 228,1060 286,1063 345,1066 404,1068 462,1069 521,1070 579,1070 638,1070 697,1070 755,1069 814,1069 872,1069 931,1069 990,1069 1048,1070 1107,1071 1165,1073 1224,1075 1283,1079"/>
                <TextEquiv>
                    <Unicode>durch die in neuerer Zeit erſchienenen Schullehrerbibeln geleiſtet iſt,</Unicode>
                </TextEquiv>
            </TextLine>
            <TextLine id="r1l20" custom="readingOrder {index:18;}">
                <Coords points="105,1110 163,1115 222,1119 281,1123 339,1126 398,1128 457,1129 515,1130 574,1130 633,1131 692,1130 750,1130 809,1130 868,1130 926,1130 985,1130 1044,1130 1102,1131 1161,1132 1220,1134 1279,1136 1279,1102 1220,1100 1161,1098 1102,1097 1044,1096 985,1096 926,1096 868,1096 809,1096 750,1096 692,1096 633,1097 574,1096 515,1096 457,1095 398,1094 339,1092 281,1089 222,1085 163,1081 105,1076"/>
                <Baseline points="105,1099 163,1104 222,1108 281,1112 339,1115 398,1117 457,1118 515,1119 574,1119 633,1120 692,1119 750,1119 809,1119 868,1119 926,1119 985,1119 1044,1119 1102,1120 1161,1121 1220,1123 1279,1125"/>
                <TextEquiv>
                    <Unicode>nicht zu läugnen. Herr Prediger Lisco, durch praktiſch⸗exegetiſche Ar⸗</Unicode>
                </TextEquiv>
            </TextLine>
            <TextLine id="r1l21" custom="readingOrder {index:19;}">
                <Coords points="107,1157 165,1163 224,1169 283,1173 341,1175 400,1178 459,1179 517,1180 576,1180 635,1180 694,1180 752,1180 811,1179 870,1179 928,1179 987,1179 1046,1179 1104,1180 1163,1182 1222,1185 1281,1188 1281,1154 1222,1151 1163,1148 1104,1146 1046,1145 987,1145 928,1145 870,1145 811,1145 752,1146 694,1146 635,1146 576,1146 517,1146 459,1145 400,1144 341,1141 283,1139 224,1135 165,1129 107,1123"/>
                <Baseline points="107,1146 165,1152 224,1158 283,1162 341,1164 400,1167 459,1168 517,1169 576,1169 635,1169 694,1169 752,1169 811,1168 870,1168 928,1168 987,1168 1046,1168 1104,1169 1163,1171 1222,1174 1281,1177"/>
                <TextEquiv>
                    <Unicode>beiten ſchon bekannt, hat dieſem Bedürfniſſe abzuhelfen unternommen.</Unicode>
                </TextEquiv>
            </TextLine>
            <TextLine id="r1l22" custom="readingOrder {index:20;}">
                <Coords points="107,1208 165,1214 224,1218 282,1222 341,1224 400,1227 458,1228 517,1229 575,1230 634,1230 693,1230 751,1229 810,1229 868,1229 927,1229 986,1229 1044,1230 1103,1231 1161,1232 1220,1234 1279,1238 1279,1204 1220,1200 1161,1198 1103,1197 1044,1196 986,1195 927,1195 868,1195 810,1195 751,1195 693,1196 634,1196 575,1196 517,1195 458,1194 400,1193 341,1190 282,1188 224,1184 165,1180 107,1174"/>
                <Baseline points="107,1197 165,1203 224,1207 282,1211 341,1213 400,1216 458,1217 517,1218 575,1219 634,1219 693,1219 751,1218 810,1218 868,1218 927,1218 986,1218 1044,1219 1103,1220 1161,1221 1220,1223 1279,1227"/>
                <TextEquiv>
                    <Unicode>Er hat, da zu einem gründlichen Verſtändniß das Auffaſſen und Er⸗</Unicode>
                </TextEquiv>
            </TextLine>
            <TextLine id="r1l23" custom="readingOrder {index:21;}">
                <Coords points="105,1256 164,1262 223,1266 282,1270 341,1273 400,1275 459,1277 518,1278 577,1279 636,1279 696,1279 755,1279 814,1279 873,1280 932,1280 991,1280 1050,1281 1109,1282 1168,1283 1227,1285 1287,1288 1287,1254 1227,1251 1168,1249 1109,1248 1050,1247 991,1246 932,1246 873,1246 814,1245 755,1245 696,1245 636,1245 577,1245 518,1244 459,1243 400,1241 341,1239 282,1236 223,1232 164,1228 105,1222"/>
                <Baseline points="105,1245 164,1251 223,1255 282,1259 341,1262 400,1264 459,1266 518,1267 577,1268 636,1268 696,1268 755,1268 814,1268 873,1269 932,1269 991,1269 1050,1270 1109,1271 1168,1272 1227,1274 1287,1277"/>
                <TextEquiv>
                    <Unicode>klären der einzelnen Ausſprüche und Verſe des göttlichen Wortes</Unicode>
                </TextEquiv>
            </TextLine>
            <TextLine id="r1l24" custom="readingOrder {index:22;}">
                <Coords points="105,1304 163,1310 222,1315 280,1318 339,1321 398,1324 456,1326 515,1327 573,1328 632,1329 691,1329 749,1329 808,1329 866,1329 925,1329 984,1330 1042,1331 1101,1332 1159,1333 1218,1335 1277,1338 1277,1304 1218,1301 1159,1299 1101,1298 1042,1297 984,1296 925,1295 866,1295 808,1295 749,1295 691,1295 632,1295 573,1294 515,1293 456,1292 398,1290 339,1287 280,1284 222,1281 163,1276 105,1270"/>
                <Baseline points="105,1293 163,1299 222,1304 280,1307 339,1310 398,1313 456,1315 515,1316 573,1317 632,1318 691,1318 749,1318 808,1318 866,1318 925,1318 984,1319 1042,1320 1101,1321 1159,1322 1218,1324 1277,1327"/>
                <TextEquiv>
                    <Unicode>nicht hinreichend iſt, bei ſeiner Arbeit ſich die Aufgabe geſtellt, den inne⸗</Unicode>
                </TextEquiv>
            </TextLine>
            <TextLine id="r1l25" custom="readingOrder {index:23;}">
                <Coords points="111,1354 169,1359 228,1364 287,1368 345,1371 404,1373 463,1375 521,1376 580,1377 639,1378 698,1378 756,1378 815,1378 874,1378 932,1379 991,1379 1050,1380 1108,1381 1167,1382 1226,1385 1285,1387 1285,1353 1226,1351 1167,1348 1108,1347 1050,1346 991,1345 932,1345 874,1344 815,1344 756,1344 698,1344 639,1344 580,1343 521,1342 463,1341 404,1339 345,1337 287,1334 228,1330 169,1325 111,1320"/>
                <Baseline points="111,1343 169,1348 228,1353 287,1357 345,1360 404,1362 463,1364 521,1365 580,1366 639,1367 698,1367 756,1367 815,1367 874,1367 932,1368 991,1368 1050,1369 1108,1370 1167,1371 1226,1374 1285,1376"/>
                <TextEquiv>
                    <Unicode>ren Zuſammenhang des Einzelnen darzulegen und die Gedanken⸗</Unicode>
                </TextEquiv>
            </TextLine>
            <TextLine id="r1l26" custom="readingOrder {index:24;}">
                <Coords points="109,1401 167,1407 226,1412 284,1416 343,1419 401,1422 460,1424 518,1425 577,1426 635,1427 694,1427 752,1427 811,1427 869,1427 928,1427 986,1427 1045,1428 1103,1429 1162,1430 1220,1431 1279,1434 1279,1400 1220,1397 1162,1396 1103,1395 1045,1394 986,1393 928,1393 869,1393 811,1393 752,1393 694,1393 635,1393 577,1392 518,1391 460,1390 401,1388 343,1385 284,1382 226,1378 167,1373 109,1367"/>
                <Baseline points="109,1390 167,1396 226,1401 284,1405 343,1408 401,1411 460,1413 518,1414 577,1415 635,1416 694,1416 752,1416 811,1416 869,1416 928,1416 986,1416 1045,1417 1103,1418 1162,1419 1220,1420 1279,1423"/>
                <TextEquiv>
                    <Unicode>verbindung nachzuweiſen, was freilich bei den Reden des Herrn und</Unicode>
                </TextEquiv>
            </TextLine>
            <TextLine id="r1l27" custom="readingOrder {index:25;}">
                <Coords points="107,1448 166,1453 225,1459 284,1463 343,1467 402,1470 461,1472 520,1473 579,1474 638,1475 697,1475 756,1475 815,1475 874,1475 933,1475 992,1476 1051,1476 1110,1477 1169,1478 1228,1480 1287,1483 1287,1449 1228,1446 1169,1444 1110,1443 1051,1442 992,1442 933,1441 874,1441 815,1441 756,1441 697,1441 638,1441 579,1440 520,1439 461,1438 402,1436 343,1433 284,1429 225,1425 166,1419 107,1414"/>
                <Baseline points="107,1437 166,1442 225,1448 284,1452 343,1456 402,1459 461,1461 520,1462 579,1463 638,1464 697,1464 756,1464 815,1464 874,1464 933,1464 992,1465 1051,1465 1110,1466 1169,1467 1228,1469 1287,1472"/>
                <TextEquiv>
                    <Unicode>bei den Briefen der Apoſtel beſonders wichtig iſt. Und in dieſem iſt da⸗</Unicode>
                </TextEquiv>
            </TextLine>
            <TextLine id="r1l28" custom="readingOrder {index:26;}">
                <Coords points="109,1497 167,1503 226,1509 285,1513 344,1517 403,1520 462,1522 521,1523 580,1524 639,1525 698,1525 756,1525 815,1524 874,1524 933,1524 992,1524 1051,1525 1110,1525 1169,1527 1228,1529 1287,1531 1287,1497 1228,1495 1169,1493 1110,1491 1051,1491 992,1490 933,1490 874,1490 815,1490 756,1491 698,1491 639,1491 580,1490 521,1489 462,1488 403,1486 344,1483 285,1479 226,1475 167,1469 109,1463"/>
                <Baseline points="109,1486 167,1492 226,1498 285,1502 344,1506 403,1509 462,1511 521,1512 580,1513 639,1514 698,1514 756,1514 815,1513 874,1513 933,1513 992,1513 1051,1514 1110,1514 1169,1516 1228,1518 1287,1520"/>
                <TextEquiv>
                    <Unicode>her Herr Prediger Lisco vorzugsweiſe bemüht geweſen, überall</Unicode>
                </TextEquiv>
            </TextLine>
            <TextLine id="r1l29" custom="readingOrder {index:27;}">
                <Coords points="111,1544 169,1551 227,1557 285,1563 344,1566 402,1569 460,1572 519,1573 577,1574 635,1574 694,1574 752,1574 810,1573 868,1573 927,1572 985,1572 1043,1573 1102,1574 1160,1575 1218,1577 1277,1580 1277,1546 1218,1543 1160,1541 1102,1540 1043,1539 985,1538 927,1538 868,1539 810,1539 752,1540 694,1540 635,1540 577,1540 519,1539 460,1538 402,1535 344,1532 285,1529 227,1523 169,1517 111,1510"/>
                <Baseline points="111,1533 169,1540 227,1546 285,1552 344,1555 402,1558 460,1561 519,1562 577,1563 635,1563 694,1563 752,1563 810,1562 868,1562 927,1561 985,1561 1043,1562 1102,1563 1160,1564 1218,1566 1277,1569"/>
                <TextEquiv>
                    <Unicode>den Hauptgedanken aufzufinden, ihn mit wenigen Worten an⸗</Unicode>
                </TextEquiv>
            </TextLine>
            <TextLine id="r1l30" custom="readingOrder {index:28;}">
                <Coords points="105,1593 163,1601 222,1606 281,1611 340,1615 399,1618 457,1620 516,1622 575,1622 634,1623 693,1623 751,1622 810,1622 869,1622 928,1622 987,1622 1045,1622 1104,1623 1163,1625 1222,1627 1281,1630 1281,1596 1222,1593 1163,1591 1104,1589 1045,1588 987,1588 928,1588 869,1588 810,1588 751,1588 693,1589 634,1589 575,1588 516,1588 457,1586 399,1584 340,1581 281,1577 222,1572 163,1567 105,1559"/>
                <Baseline points="105,1582 163,1590 222,1595 281,1600 340,1604 399,1607 457,1609 516,1611 575,1611 634,1612 693,1612 751,1611 810,1611 869,1611 928,1611 987,1611 1045,1611 1104,1612 1163,1614 1222,1616 1281,1619"/>
                <TextEquiv>
                    <Unicode>zugeben, und zu zeigen, mit welchen Beweiſen die Lehren, mit</Unicode>
                </TextEquiv>
            </TextLine>
            <TextLine id="r1l31" custom="readingOrder {index:29;}">
                <Coords points="103,1640 161,1648 220,1653 279,1659 337,1662 396,1665 455,1668 513,1669 572,1670 631,1671 690,1671 748,1671 807,1671 866,1671 924,1671 983,1671 1042,1672 1100,1673 1159,1675 1218,1677 1277,1681 1277,1647 1218,1643 1159,1641 1100,1639 1042,1638 983,1637 924,1637 866,1637 807,1637 748,1637 690,1637 631,1637 572,1636 513,1635 455,1634 396,1631 337,1628 279,1625 220,1619 161,1614 103,1606"/>
                <Baseline points="103,1629 161,1637 220,1642 279,1648 337,1651 396,1654 455,1657 513,1658 572,1659 631,1660 690,1660 748,1660 807,1660 866,1660 924,1660 983,1660 1042,1661 1100,1662 1159,1664 1218,1666 1277,1670"/>
                <TextEquiv>
                    <Unicode>welchen Beweggründen die Ermahnungen unterſtützt ſind, und</Unicode>
                </TextEquiv>
            </TextLine>
            <TextLine id="r1l32" custom="readingOrder {index:30;}">
                <Coords points="105,1688 163,1695 222,1702 281,1707 339,1711 398,1714 457,1717 515,1718 574,1719 633,1720 692,1720 750,1720 809,1720 868,1720 926,1720 985,1720 1044,1721 1102,1722 1161,1725 1220,1727 1279,1731 1279,1697 1220,1693 1161,1691 1102,1688 1044,1687 985,1686 926,1686 868,1686 809,1686 750,1686 692,1686 633,1686 574,1685 515,1684 457,1683 398,1680 339,1677 281,1673 222,1668 163,1661 105,1654"/>
                <Baseline points="105,1677 163,1684 222,1691 281,1696 339,1700 398,1703 457,1706 515,1707 574,1708 633,1709 692,1709 750,1709 809,1709 868,1709 926,1709 985,1709 1044,1710 1102,1711 1161,1714 1220,1716 1279,1720"/>
                <TextEquiv>
                    <Unicode>wie ſich überhaupt die Theile zu dem Ganzen verhalten. Da⸗</Unicode>
                </TextEquiv>
            </TextLine>
            <TextLine id="r1l33" custom="readingOrder {index:31;}">
                <Coords points="107,1736 165,1744 223,1750 282,1755 340,1760 399,1763 457,1765 515,1766 574,1767 632,1768 691,1768 749,1768 807,1768 866,1768 924,1768 983,1769 1041,1770 1099,1772 1158,1774 1216,1777 1275,1781 1275,1747 1216,1743 1158,1740 1099,1738 1041,1736 983,1735 924,1734 866,1734 807,1734 749,1734 691,1734 632,1734 574,1733 515,1732 457,1731 399,1729 340,1726 282,1721 223,1716 165,1710 107,1702"/>
                <Baseline points="107,1725 165,1733 223,1739 282,1744 340,1749 399,1752 457,1754 515,1755 574,1756 632,1757 691,1757 749,1757 807,1757 866,1757 924,1757 983,1758 1041,1759 1099,1761 1158,1763 1216,1766 1275,1770"/>
                <TextEquiv>
                    <Unicode>bei ſoll ſeine Arbeit auf demſelben Glaubensgrunde ruhen, wie</Unicode>
                </TextEquiv>
            </TextLine>
            <TextLine id="r1l34" custom="readingOrder {index:32;}">
                <Coords points="101,1783 159,1790 218,1797 277,1803 335,1807 394,1811 453,1813 511,1815 570,1816 629,1817 688,1818 746,1818 805,1818 864,1818 922,1818 981,1818 1040,1819 1098,1821 1157,1823 1216,1825 1275,1829 1275,1795 1216,1791 1157,1789 1098,1787 1040,1785 981,1784 922,1784 864,1784 805,1784 746,1784 688,1784 629,1783 570,1782 511,1781 453,1779 394,1777 335,1773 277,1769 218,1763 159,1756 101,1749"/>
                <Baseline points="101,1772 159,1779 218,1786 277,1792 335,1796 394,1800 453,1802 511,1804 570,1805 629,1806 688,1807 746,1807 805,1807 864,1807 922,1807 981,1807 1040,1808 1098,1810 1157,1812 1216,1814 1275,1818"/>
                <TextEquiv>
                    <Unicode>die Hirſchberger Bibel, welche von den frommen Geiſtlichen Lieblich</Unicode>
                </TextEquiv>
            </TextLine>
            <TextLine id="r1l35" custom="readingOrder {index:33;}">
                <Coords points="107,1831 165,1840 224,1846 283,1852 341,1856 400,1860 459,1863 517,1864 576,1865 635,1866 694,1867 752,1867 811,1867 870,1867 928,1867 987,1867 1046,1868 1104,1870 1163,1872 1222,1875 1281,1879 1281,1846 1222,1842 1163,1839 1104,1837 1046,1835 987,1834 928,1834 870,1834 811,1834 752,1834 694,1834 635,1833 576,1832 517,1831 459,1830 400,1827 341,1823 283,1819 224,1813 165,1807 107,1798"/>
                <Baseline points="107,1820 165,1829 224,1835 283,1841 341,1845 400,1849 459,1852 517,1853 576,1854 635,1855 694,1856 752,1856 811,1856 870,1856 928,1856 987,1856 1046,1857 1104,1859 1163,1861 1222,1864 1281,1868"/>
                <TextEquiv>
                    <Unicode>und Burg nach der Mitte des vorigen Jahrhunderts herausgegeben wurde,</Unicode>
                </TextEquiv>
            </TextLine>
            <TextLine id="r1l36" custom="readingOrder {index:34;}">
                <Coords points="109,1877 167,1886 225,1893 284,1899 342,1905 401,1908 459,1911 517,1913 576,1914 634,1915 693,1916 751,1916 809,1916 868,1916 926,1916 985,1916 1043,1917 1101,1918 1160,1920 1218,1923 1277,1926 1277,1893 1218,1890 1160,1887 1101,1885 1043,1884 985,1883 926,1883 868,1883 809,1883 751,1883 693,1883 634,1882 576,1881 517,1880 459,1878 401,1875 342,1872 284,1866 225,1860 167,1853 109,1844"/>
                <Baseline points="109,1866 167,1875 225,1882 284,1888 342,1894 401,1897 459,1900 517,1902 576,1903 634,1904 693,1905 751,1905 809,1905 868,1905 926,1905 985,1905 1043,1906 1101,1907 1160,1909 1218,1912 1277,1915"/>
                <TextEquiv>
                    <Unicode>und, was die äußere Einrichtung des Drucks betrifft, die Erklärungen</Unicode>
                </TextEquiv>
            </TextLine>
            <TextLine id="r1l37" custom="readingOrder {index:35;}">
                <Coords points="105,1922 163,1932 221,1940 280,1947 338,1952 397,1956 455,1960 513,1962 572,1964 630,1964 689,1965 747,1965 805,1965 864,1965 922,1965 981,1965 1039,1965 1097,1966 1156,1968 1214,1970 1273,1974 1273,1943 1214,1939 1156,1937 1097,1935 1039,1934 981,1934 922,1934 864,1934 805,1934 747,1934 689,1934 630,1933 572,1933 513,1931 455,1929 397,1925 338,1921 280,1916 221,1909 163,1901 105,1891"/>
                <Baseline points="105,1912 163,1922 221,1930 280,1937 338,1942 397,1946 455,1950 513,1952 572,1954 630,1954 689,1955 747,1955 805,1955 864,1955 922,1955 981,1955 1039,1955 1097,1956 1156,1958 1214,1960 1273,1964"/>
                <TextEquiv>
                    <Unicode>ſollen den Text nicht unterbrechen, ſondern unter demſelben</Unicode>
                </TextEquiv>
            </TextLine>
            <TextLine id="r1l38" custom="readingOrder {index:36;}">
                <Coords points="109,1968 135,1970 162,1975 188,1980 215,1986 215,1955 188,1949 162,1944 135,1939 109,1937"/>
                <Baseline points="109,1958 135,1960 162,1965 188,1970 215,1976"/>
                <TextEquiv>
                    <Unicode>ſtehen.</Unicode>
                </TextEquiv>
            </TextLine>
            <TextLine id="r1l39" custom="readingOrder {index:37;}">
                <Coords points="185,2037 239,2042 294,2048 349,2052 404,2055 459,2058 513,2060 568,2061 623,2062 678,2063 733,2063 787,2063 842,2063 897,2063 952,2063 1007,2064 1061,2065 1116,2066 1171,2068 1226,2070 1281,2073 1281,2037 1226,2034 1171,2032 1116,2030 1061,2029 1007,2028 952,2027 897,2027 842,2027 787,2027 733,2027 678,2027 623,2026 568,2025 513,2024 459,2022 404,2019 349,2016 294,2012 239,2006 185,2001"/>
                <Baseline points="185,2025 239,2030 294,2036 349,2040 404,2043 459,2046 513,2048 568,2049 623,2050 678,2051 733,2051 787,2051 842,2051 897,2051 952,2051 1007,2052 1061,2053 1116,2054 1171,2056 1226,2058 1281,2061"/>
                <TextEquiv>
                    <Unicode>Wer möchte ein ſolches Unternehmen nicht dankbar anerkennen, zu⸗</Unicode>
                </TextEquiv>
            </TextLine>
            <TextLine id="r1l40" custom="readingOrder {index:38;}">
                <Coords points="97,2068 155,2078 214,2087 273,2093 332,2099 391,2104 450,2107 509,2109 568,2111 627,2111 686,2112 744,2112 803,2112 862,2112 921,2112 980,2112 1039,2112 1098,2113 1157,2115 1216,2118 1275,2122 1275,2086 1216,2082 1157,2079 1098,2077 1039,2076 980,2076 921,2076 862,2076 803,2076 744,2076 686,2076 627,2075 568,2075 509,2073 450,2071 391,2068 332,2063 273,2057 214,2051 155,2042 97,2032"/>
                <Baseline points="97,2056 155,2066 214,2075 273,2081 332,2087 391,2092 450,2095 509,2097 568,2099 627,2099 686,2100 744,2100 803,2100 862,2100 921,2100 980,2100 1039,2100 1098,2101 1157,2103 1216,2106 1275,2110"/>
                <TextEquiv>
                    <Unicode>mal daſſelbe theils an ſich, theils wegen des großen verſchiedenartigen Krei⸗</Unicode>
                </TextEquiv>
            </TextLine>
            <TextLine id="r1l41" custom="readingOrder {index:39;}">
                <Coords points="99,2118 158,2128 218,2136 277,2144 337,2149 397,2153 456,2156 516,2158 575,2160 635,2161 695,2161 754,2161 814,2161 873,2160 933,2160 993,2161 1052,2161 1112,2163 1171,2165 1231,2168 1291,2173 1291,2137 1231,2132 1171,2129 1112,2127 1052,2125 993,2125 933,2124 873,2124 814,2125 754,2125 695,2125 635,2125 575,2124 516,2122 456,2120 397,2117 337,2113 277,2108 218,2100 158,2092 99,2082"/>
                <Baseline points="99,2106 158,2116 218,2124 277,2132 337,2137 397,2141 456,2144 516,2146 575,2148 635,2149 695,2149 754,2149 814,2149 873,2148 933,2148 993,2149 1052,2149 1112,2151 1171,2153 1231,2156 1291,2161"/>
                <TextEquiv>
                    <Unicode>ſes von Leſern, dem es Herr Prediger Lisco beſtimmt, viele Schwierigkei⸗</Unicode>
                </TextEquiv>
            </TextLine>
            <TextLine id="r1l42" custom="readingOrder {index:40;}">
                <Coords points="95,2166 154,2176 213,2184 273,2191 332,2197 392,2201 451,2204 510,2206 570,2207 629,2208 689,2209 748,2209 807,2209 867,2209 926,2209 986,2209 1045,2210 1104,2211 1164,2214 1223,2217 1283,2221 1283,2187 1223,2183 1164,2180 1104,2177 1045,2176 986,2175 926,2175 867,2175 807,2175 748,2175 689,2175 629,2174 570,2173 510,2172 451,2170 392,2167 332,2163 273,2157 213,2150 154,2142 95,2132"/>
                <Baseline points="95,2155 154,2165 213,2173 273,2180 332,2186 392,2190 451,2193 510,2195 570,2196 629,2197 689,2198 748,2198 807,2198 867,2198 926,2198 986,2198 1045,2199 1104,2200 1164,2203 1223,2206 1283,2210"/>
                <TextEquiv>
                    <Unicode>ten hat. Doch eben weil das Werk, dem ſich Herr Prediger Lisco un⸗</Unicode>
                </TextEquiv>
            </TextLine>
            <TextLine id="r1l43" custom="readingOrder {index:41;}">
                <Coords points="101,2217 159,2225 218,2233 277,2239 336,2244 395,2248 454,2252 513,2253 572,2255 631,2256 690,2257 748,2258 807,2258 866,2258 925,2259 984,2259 1043,2261 1102,2262 1161,2264 1220,2268 1279,2271 1279,2240 1220,2237 1161,2233 1102,2231 1043,2230 984,2228 925,2228 866,2227 807,2227 748,2227 690,2226 631,2225 572,2224 513,2222 454,2221 395,2217 336,2213 277,2208 218,2202 159,2194 101,2186"/>
                <Baseline points="101,2207 159,2215 218,2223 277,2229 336,2234 395,2238 454,2242 513,2243 572,2245 631,2246 690,2247 748,2248 807,2248 866,2248 925,2249 984,2249 1043,2251 1102,2252 1161,2254 1220,2258 1279,2261"/>
                <TextEquiv>
                    <Unicode>terzog, ein ſchwieriges iſt, wäre vielleicht zu wünſchen geweſen, er hätte</Unicode>
                </TextEquiv>
            </TextLine>
            <TextLine id="r1l44" custom="readingOrder {index:42;}">
                <Coords points="130,2263 156,2267 183,2272 209,2277 236,2283 236,2253 209,2247 183,2242 156,2237 130,2233"/>
                <Baseline points="130,2253 156,2257 183,2262 209,2267 236,2273"/>
                <TextEquiv>
                    <Unicode>II. Bd.</Unicode>
                </TextEquiv>
            </TextLine>
            <TextLine id="line_1620890571313_638" custom="readingOrder {index:43;}">
                <Coords points="1041,2256 1088,2257 1087,2307 1040,2306"/>
                <Baseline points="1040,2301 1087,2302"/>
                <TextEquiv>
                    <Unicode>5</Unicode>
                </TextEquiv>
            </TextLine>
            <TextEquiv>
                <Unicode>Allgemeines Repertorium
fuͤr
die theologiſche Literatur und kirchliche Statiſtik.
21. Juli.
1833.
№ 5.
Exegetische Theologie.
Das Neue Teſtament nach der deutſchen Ueberſetzung Dr. Martin Luthers.
Mit Anmerkungen, Einleitungen, einer Harmonie der vier Evangelien,
einem Aufſatze über Paläſtina und ſeine Bewohner, einer Zeittafel über
die Apoſtelgeſchichte, und einem ausführlichen Sachregiſter verſehen. Zum
Gebrauch für alle Freunde des göttlichen Wortes, inſonderheit für Leh⸗
rer in Kirchen und Schulen, bearbeitet von Friedr. Guſtav Lisco, Pre⸗
diger an der St. Gertraud⸗Kirche in Berlin. Berlin 1833. Enslinſche
Buchhandlung. 1ſte bis 3te Lieferung. (Evangelien.) à Liefrg. 7½ ſgr.
Das Bedürfniß eines bündigen, populären, nicht bloß aſcetiſche An⸗
merkungen gebenden Commentars über das N. T. iſt trotz dem, was
durch die in neuerer Zeit erſchienenen Schullehrerbibeln geleiſtet iſt,
nicht zu läugnen. Herr Prediger Lisco, durch praktiſch⸗exegetiſche Ar⸗
beiten ſchon bekannt, hat dieſem Bedürfniſſe abzuhelfen unternommen.
Er hat, da zu einem gründlichen Verſtändniß das Auffaſſen und Er⸗
klären der einzelnen Ausſprüche und Verſe des göttlichen Wortes
nicht hinreichend iſt, bei ſeiner Arbeit ſich die Aufgabe geſtellt, den inne⸗
ren Zuſammenhang des Einzelnen darzulegen und die Gedanken⸗
verbindung nachzuweiſen, was freilich bei den Reden des Herrn und
bei den Briefen der Apoſtel beſonders wichtig iſt. Und in dieſem iſt da⸗
her Herr Prediger Lisco vorzugsweiſe bemüht geweſen, überall
den Hauptgedanken aufzufinden, ihn mit wenigen Worten an⸗
zugeben, und zu zeigen, mit welchen Beweiſen die Lehren, mit
welchen Beweggründen die Ermahnungen unterſtützt ſind, und
wie ſich überhaupt die Theile zu dem Ganzen verhalten. Da⸗
bei ſoll ſeine Arbeit auf demſelben Glaubensgrunde ruhen, wie
die Hirſchberger Bibel, welche von den frommen Geiſtlichen Lieblich
und Burg nach der Mitte des vorigen Jahrhunderts herausgegeben wurde,
und, was die äußere Einrichtung des Drucks betrifft, die Erklärungen
ſollen den Text nicht unterbrechen, ſondern unter demſelben
ſtehen.
Wer möchte ein ſolches Unternehmen nicht dankbar anerkennen, zu⸗
mal daſſelbe theils an ſich, theils wegen des großen verſchiedenartigen Krei⸗
ſes von Leſern, dem es Herr Prediger Lisco beſtimmt, viele Schwierigkei⸗
ten hat. Doch eben weil das Werk, dem ſich Herr Prediger Lisco un⸗
terzog, ein ſchwieriges iſt, wäre vielleicht zu wünſchen geweſen, er hätte
II. Bd.
5</Unicode>
            </TextEquiv>
        </TextRegion>
    </Page>
</PcGts>
