1342 2454
577 62 738 98 Miscellen.
66 76 128 111 32
70 139 1238 185 legien nöthigen Summen zu verweigern und die von allen Seiten einge⸗
66 191 1061 235 reichten Bittſchriften um Hülfe, laſſen darüber keinen Zweifel.“
141 237 1236 279 Soweit der verewigte Z., deſſen zuletzt angeführte Worte dem Ref.
68 287 1238 331 den Uebergang zum Folgenden bahnen ſollen. Gewiß iſt es nämlich, daß
73 334 1242 379 ſich längſt und offenkundig genug bei allen Geiſtlichen und vielen Gemein⸗
65 383 1242 429 degliedern das Bedürfniß einer Verbeſſerung der bisherigen Kirchenverfaſ⸗
65 431 1242 479 ſung ausgeſprochen hatte. Obgleich aus leicht begreiflichen Gründen nicht
64 481 1238 527 ſo laut und dringend als in Sachſen, Hannover und überhaupt den Län⸗
70 532 1240 577 dern, wo mehr kirchliche und geiſtige Regſamkeit herrſcht, kundgegeben,
70 580 1234 627 wurde es doch, wie Ref. aus eigner Erfahrung weiß, ziemlich überall ge⸗
70 628 1246 677 fühlt. Dennoch blieb ſo lange Alles beim Alten, bis man im Publikum
64 680 1240 725 erfuhr, daß die Regierung, überhaupt mit Organiſationsprojecten umgehend,
65 727 1240 775 auch eine Umänderung und reſpective Verbeſſerung der bisherigen Kirchen⸗
70 776 1244 822 verfaſſung beabſichtige, und unter andern den Hofprediger Zimmermann
71 827 1246 871 mit der Bearbeitung eines Planes zu derſelben beauftragt habe. Mit ge⸗
65 874 1246 922 ſpannter Erwartung wurde von nun an der Publication dieſer neuen Ver⸗
78 925 1246 971 faſſung entgegengeſehn, bis endlich das obenerwähnte Edict vom 6. Juni
69 980 1192 1021 erſchien, deſſen Inhalt wir nun in möglichſter Kürze anzugeben haben.
535 1037 777 1073 (Schluß folgt.)
542 1167 782 1205 Miscellen.
213 1232 1099 1274 Roſtock. Theologiſche Vorleſungen. Sommer 1833.
142 1284 1242 1329 Bauermeiſter: Theſſalonicher, Galater, Korinther, Römer, Einleitung
71 1330 1238 1375 ins A. u. N. Teſt., chriſtl. Dogmatik. — Fritzſche: Matthäus, Marcus,
74 1372 1246 1422 Lucas, mit linguiſt. Einleitung ins N. T., bibl. Theolog. nebſt den dogmat.
73 1419 1260 1465 Beweisſtellen des A. u. N. T., Hiob, Homiletik, verb. mit prakt. Uebungen. —
75 1461 1248 1511 Hartmann: theol. Moral, Meſſian. Weiſſagungen (ausführliche Erläut. von
74 1506 1244 1556 Jeſ. 40 — 66.), Apoſtelgeſchichte. — Wiggers: Encyklop. und Methodo⸗
79 1545 1249 1599 logie, Kirchengeſch. 1., Reformationsgeſchichte, Pädagogik, Homilet. — Ka⸗
81 1607 673 1645 tech. Uebungen. — Anfang 15. April.
222 1658 1093 1700 Leipzig. Theologiſche Vorleſungen. Sommer 1833.
150 1698 1251 1755 Anger: Nahum, Zacharias, Malachias, Korinther 1. — Goldhorn:
74 1735 1241 1792 Homilet. Uebungen. — Großmann: Matthäus, Paſtoraltheologie. — Hahn:
73 1770 1240 1828 Homiletik, homil. Uebungen, Jeremias. — Höpfner: Pf., Lucas, Exam. über
70 1811 1240 1866 K. ⸗Geſch. — Illgen: Kirchengeſch. 1, Dogmengeſch. — Küchler: Pſalmen.
75 1841 1235 1898 — Lindner: Apologetik, Liturgik, Seelſorge, K.⸗Verfaſſung. — Riedner:
75 1879 1242 1937 Jeſaias Thl. 2, Kirchengeſchichte. — Plato: Katechetik, nebſt katech. Uebun⸗
77 1912 1246 1975 gen. — Roſenmüller: Geneſis. — Seyffarth: Geneſis. — Schuffen⸗
78 1952 1244 2008 hauer: Curſor. Vorleſ. über das A. T., Kirchengeſchichte, Geſch. der ſymbol.
75 1983 1244 2044 Bücher. — Theile: Einleitung ins N. T. — Synoptiker, Leben Jeſu. —
82 2023 1242 2080 Winer: Anleitung zum akadem. Studium, Römer, Dogmatik und Dogmen⸗
75 2060 1246 2119 geſch. — Winzer: Kohäleth, ausgew. proph. Abſchnitte, Galater, Epheſer,
77 2109 1069 2154 Philipp., Coloſſ., Theſſal. 1. 2., Hebräer. —  Anfang 13. Mai.
98 2217 561 2255 Redacteur: Prof. Dr. Rheinwald.
899 2192 1233 2247 Verleger: F. A. Herbig.
