1365 2457
493 69 905 107 Evangeliſches Kirchenrecht.
1224 80 1276 118 21
112 141 1283 191 Ebioniten, Nazaräer). Evangeliſche Stellen in den clementiniſchen Reco⸗
107 193 1275 239 gnitionen. Zweck dieſes Buchs, der jüdiſchen Gnoſis auch unter den Hei⸗
109 241 1277 289 den Eingang zu verſchaffen, daher auch mehr Annäherung an unſre Evan⸗
103 291 1215 337 gelien, vielleicht nach einem umgearbeiteten petriniſchen Evangelium. —
103 338 1229 388 Vierter Abſchnitt, Tatians Diateſſaron — des Evangeliums Juſtins. —
105 390 1273 438 Fünfter Abſchnitt. Ueber das mehrfache Zuſammentreffen des evangeliſchen
107 438 1271 486 Textes in den Anführungen des Clemens von Alexandrien und des Orige⸗
107 486 1271 535 nes mit den Evangelien der Judenchriſten. Unterſuchungen über den co-
105 534 1273 586 dex Cantabr. D. An jene wird nur erinnert, und gezeigt, wie ſie aus
111 582 1269 635 Correcturen von den apokryphiſchen Evangelien entſtehen konnten, in einer
101 632 1275 684 Zeit, wo der Unterſchied zwiſchen dieſen und den kanoniſchen noch nicht
111 681 1267 733 fixirt war. Nachweiſung ſolcher Zuſätze an cod. D., der vollſtändig nach
107 728 1275 781 allen Seiten beſchrieben wird, deſſen innere Beſchaffenheit und Geſtalt
103 778 1271 830 (Aenderungen, welche Kenntniß des Hebräiſchen vorausſetzen; liturgiſche
107 825 1273 878 Randbemerkungen, die auf Judenchriſten hinweiſen) einen judenchriſtlichen
107 875 1275 926 Verfaſſer verlangen und zwar aus der Zeit der Annäherung an die katho⸗
107 923 1271 976 liſche Kirche. — Gründliche Gelehrſamkeit, gewandte und ſcharfſinnige
111 972 1277 1022 Combinationsgabe wird dem Verf. Jedermann zugeſtehen, wer auch die
103 1019 1267 1073 Reſultate nicht für zweifellos begründet anſehen kann, und glauben möchte,
107 1068 1279 1121 erſtere Eigenſchaft hätte ſich in einer compacteren Form dieſes doch vor⸗
103 1117 1279 1171 läufig zur wiſſenſchaftlichen Discuſſion vorgelegten Materials ebenſowohl
107 1171 1273 1221 zeigen laſſen, und letztere habe nicht immer die Gefahr der Ausgleitung in
112 1212 651 1268 minutiöſe Spitzfindigkeit vermieden.
432 1346 936 1386 Praktische Theologie.
374 1407 995 1446 Evangeliſches Kirchenrecht.
576 1462 794 1502 (Fortſetzung.)
137 1511 1271 1561 28. Was fordert das Kirchen⸗ und Schulweſen im Königreiche
171 1564 1267 1604 Hannover? in einem ehrerbietigen Sendſchreiben an die hohe Stän⸗
173 1605 1267 1652 deverſammlung beſcheiden beantwortet von Franz Georg Ferd. Schlä⸗
172 1648 1040 1693 ger, senior ministerii und past. prim. in Hameln. 1832.
157 1697 1263 1755 Der würdige Verf. zeigt die übeln Folgen für Familien⸗ und Bürger⸗
105 1739 1263 1804 glück, welche aus dem herrſchenden Verfall der Religion und guten Sit⸗
103 1783 1269 1852 ten herrühren, alſo auch die Gefahr für den Staat ſelbſt, wenn dem ein⸗
107 1830 1269 1901 reißenden Verderben nicht ein Damm entgegengeſtellt werde. Mit Recht
103 1874 1267 1949 rügt er, daß ſich die Kirche von Seiten des Staats und der Landſtände
106 1922 1261 1997 nicht der gebührenden Sorge zu erfreuen habe; ferner die mangelhafte Ein⸗
98 1970 1271 2046 richtung der Bildungsanſtalten, die ſchlechte armſelige Dotation der Predi⸗
94 2023 1259 2094 ger und Lehrer ꝛc. Nicht einverſtanden ſind wir mit den Erwartungen
95 2071 1265 2145 des Verf. von einer freien ſelbſtſtändigen Vertretung der Kirche (neben den
95 2122 1259 2195 Landſtänden) gegen das Oberconſiſtorium; wohl aber ſcheint uns für ein
98 2173 1259 2245 ganz evangeliſches Land gut, daß dieſem ein Biſchof als Cultminiſter vorſtehe.
