1382 2448
193 113 1160 164 Allgemeines Repertorium
633 193 723 236 fuͤr
101 254 1229 315 die theologiſche Literatur und kirchliche Statiſtik.
76 364 278 426 26. Septbr.
578 390 770 436 № 18.
1178 393 1262 434 1833.
418 512 954 558 Exegetische Theologie.
121 565 1259 616 Joannis Calvini in Novum Testamentum Commentarii ad editionem Amste-
153 612 1264 661 lodamensem accuratissime exscribi curavi et praefatus est A. Tholuck.
153 656 1254 708 VIl Voll. Berolini, Eichler. MDCCCXXXIII. III u. IV B. 2¼ rtl.,
146 701 360 740 Velinp. 3 rtl.
137 757 1258 806 Der Herr Conſiſtorialrath Dr. Tholuck, der es ſich in ſeinen Commen⸗
83 799 1261 857 taren beſonders hat angelegen ſeyn laſſen, die Anerkennung des Werthes äl⸗
81 848 1255 907 terer Exegeten in neuerer Zeit, durch Mittheilung vorzüglicher Stellen
85 898 1255 955 aus ihren Schriften, zu verbreiten, hat auch das Verdienſt, die vollſtändi⸗
85 950 1255 1003 gen Werke eines der Größeſten unter denſelben dem theologiſchen Publi⸗
89 997 1257 1053 kum leichter zugänglich gemacht zu haben. Wir ſind ihm hierfür nicht
79 1045 1255 1101 weniger Dank ſchuldig; denn wenn bei jener Einſtreuung von Blüthen der
87 1094 1259 1152 älteren Auslegung in die neueren Commentare der Uebelſtand nicht wohl
85 1143 1259 1202 vermieden werden kann, daß die ungeſtörte Vertiefung in das Buch, deſſen
85 1192 1254 1251 Verſtändniß der Commentar aufſchließen ſoll, gehindert, und dabei doch
83 1242 1256 1302 dem Intereſſe an der Geſchichte der Schriftauslegung nicht vollſtändig ge⸗
81 1289 1255 1351 nügt wird, da jene Mittheilungen, je mehr ſie darauf angelegt ſind, der
89 1340 1256 1400 Gegenwart und dem nächſten Zweck des Commentators förderlich zu ſeyn,
85 1388 1253 1449 um ſo mehr gewöhnlich Gefahr laufen, in dieſer anderen Rückſicht einſeitig
89 1438 1251 1496 zu werden, — ſo erſcheint die Wiederauflegung der claſſiſchen Commen⸗
85 1485 1249 1545 tare der Vorzeit ſelbſt, für die Förderung eines fruchtbaren exegetiſchen
85 1534 1247 1593 Studiums, im Allgemeinen erwünſchter, als die Berückſichtigung aller, auch
83 1581 1255 1643 unbedeutender Ausleger der alten und neuen Zeit, durch welche exegeti⸗
81 1631 1255 1694 ſche Werke jetzt immer mehr angeſchwellt zu werden pflegen. Wer aber
87 1680 1251 1744 verdiente es wohl mehr, der Gegenwart wieder vorgeführt zu werden, als
85 1729 1259 1793 die Reformatoren? War es die Wirkung der Schrift auf ihren Geiſt und
87 1778 1251 1843 ihr Gemüth, welche die Bildung der evang. Kirche zu Folge hatte, ſo
89 1827 1259 1891 iſt es Pflicht für diejenigen, welche an der Fortbildung derſelben zu ar⸗
83 1874 1251 1941 beiten berufen ſind, ſich vertraut zu machen mit der Art, wie Jene ihr
87 1926 1257 1989 Werk aus der Schrift gründeten und förderten. Wohl ſind Einige ge⸗
95 1977 1253 2034 neigt, zu fürchten, daß Mancher wünſche, durch ſolches Studium die Gei⸗
85 2021 1253 2085 ſter, von der Eigenthümlichkeit jener Männer überwältigt, in ihrer Thätig⸗
85 2069 1253 2136 keit für die Kirche eine rückgängige Richtung nehmen zu ſehen. Solcher
85 2116 1255 2186 Gefahr aber, daß die freiere Schriftforſchung unter der Autorität der Re⸗
85 2166 1255 2237 formatoren gefangen genommen und die Fortſchritte der Zeit gehemmt
85 2214 1253 2287 werden, werden die Exegeten zu ihrem eigenen und der Kirche Heil am
110 2259 220 2316 Il. Bd.
1002 2290 1053 2329 18
