1364 2456
197 91 1179 146 Allgemeines Repertorium
638 177 730 221 fuͤr
109 231 1240 298 die theologiſche Literatur und kirchliche Statiſtik.
100 343 250 401 16. Juli.
596 373 754 421 № 4.
1171 379 1269 420 1833.
419 500 948 552 Exegetische Theologie.
131 548 1263 610 Recentiores de authentia evangelii Matthaei quaestiones recen-
159 595 1267 653 sentur et dijudicantur; simulque exponitur ratio earum quaestionum
159 639 1265 701 apologetica. Commentatio critica theologica — praemio regio ornata.
161 683 1265 746 Scripsit Rudolphus Ernestus Klener Gottingensis. Gottingae, 1832.
160 724 528 776 4. maj. 88 pp. ⅔ rtl.
149 781 1263 848 Einleitung: Ueberſicht der neueren Beſtreitungen, welche ſich gewiſſer⸗
101 821 1262 898 maßen als Reaction gegen die Bretſchneiderſchen Probabilia darſtellen,
93 867 1263 945 und der Vertheidigungen. Nachzutragen wären als theils übergangen
101 918 1265 993 theils neu erſchienen: für die Aechtheit: Paulus Recenſion von Sieffert in
91 966 1257 1041 Heidelberg. Jahrbüch. 1832, Juli. Feilmoſers Einleitung in die Schriften
99 1016 1263 1090 des N. B.; gegen die Aechtheit: Sieffert über den Urſprung des erſten
97 1064 1263 1138 kanoniſchen Evangeliums, 1832; Schneckenburger, Andeutung möglicher
95 1113 1257 1187 Zweifel ꝛc., in Beiträgen zur Einleitung ꝛc. 1832. Köhler, in Annalen
103 1162 1263 1236 der Theologie. 1832, Heft 2 S. 183, 201. Niemeyer, allgemeine Littera⸗
99 1210 1265 1288 turzeitung von Halle 1832, Nr. 57. Schleiermacher, Ueber die Zeugniſſe
99 1257 1263 1338 des Papias ꝛc. in Stud. und Kr. 1832. 4. S. 735. Sect. I. Hiſtoriſche
93 1305 1257 1385 Unterſuchung: §. 1. Geſchichte des Matthäus. §. 2. Unbeſtimmte Citate
99 1353 1257 1433 aus Matthäus. §. 3. Ausdrückliche Berichte über ein Evangelium Mat⸗
89 1399 1253 1482 thäi von Papias bis Hieronymus. §. 4. Tradition von der Urſprache.
91 1447 1255 1531 §. 5. Prüfung derſelben, Hebraismen? §. 6. Ueberſetzungsfehler? §. 7.
99 1496 1249 1578 Gebrauch des A. T. im Grundtext? §. 8. Gründe, welche für einen grie⸗
89 1542 1243 1628 chiſchen Urtext angeführt werden, und zwar zur Widerlegung der Tradition,
87 1591 1253 1677 welche jedoch feſtſteht. §. 9. Keine Spur von Tradition für ein griechi⸗
88 1640 1249 1728 ſches Original. §. 10. Schluß: da nach der Tradition Matthäus hebräiſch
87 1690 1249 1778 geſchrieben hat, unſer Evangelium aber ein griechiſches Original iſt, ſo kann
89 1736 1249 1826 es nicht unmittelbar vom Apoſtel herrühren. Die Gründe für die griechi⸗
87 1784 1253 1873 ſche Originalität: Einheit des Ausdrucks und der Wendungen mit den 2
91 1829 1249 1923 andern Evangelien, Abhängigkeit von der alexandriniſchen Verſion, griechi⸗
97 1878 1247 1970 ſcher Charakter, Wortſpiele — hätten weiter ausgeführt werden ſollen.
95 1922 1247 2019 Sie können überzeugend gemacht werden, ſind es aber noch nicht, ſ. Sief⸗
93 1970 1255 2066 fert. S. 43 ff. §. 11. Widerlegung der Anſicht von Guerike, als ob
84 2018 1253 2115 Matthäus ſelbſt ſein Evangelium ſpäter griechiſch überſetzt und überarbeitet
91 2071 1245 2165 habe, ſo wie der Olshauſenſchen Modification, daß hierbei Matthäus ſich
79 2117 1255 2215 nach dem beſſer griechiſch ſchreibenden Lucas gerichtet habe. §. 12. Ueber
85 2167 1252 2268 die Landesſprache in Paläſtina. Dieſe war, mit Ausnahme einiger Städte,
112 2215 222 2270 II. Bd.
1010 2249 1054 2299 4
