1382 2448
456 61 866 96 Evangeliſches Kirchenrecht.
1165 69 1241 107 201
72 137 1250 181 „daß zwar in der Regel über Perikopen gepredigt, dadurch aber denjeni⸗
75 188 1247 230 gen Geiſtlichen, die als Schriftgläubige und Schriftgelehrte ſich bereits
77 239 1246 279 gezeigt haben, nicht verwehrt werden ſoll, auch auf den Grund anderer
73 284 1247 329 bibliſchen Stellen ihre Gemeinen zu erbauen,“ als Kirchengeſetz etwas be⸗
73 332 1249 378 denklich finden möchten. In Betreff der einzelnen Vorſchriften zeigt der
69 382 1249 427 Verf. 1) daß einige unausführbar ſind, oder doch von den Pfarrern nicht
73 431 1245 477 ausgeführt werden können, 2) daß andere auf unbekannten Vorausſetzun⸗
73 482 1245 528 gen beruhen (wie die Vorſchrift über den zu hoffenden Katechismus, die
77 530 1249 578 zu erwartende Agende), 3) daß für andere kein triftiger Grund einzuſehen
81 582 1251 625 iſt, und 4) einige als eigentlich zweckwidrig erſcheinen. Auch hierin ver⸗
81 628 1247 677 dient der Verf. Beiſtimmung. Einige Amtserfahrungen, die er mittheilt,
83 679 1253 725 gereichen dem betreffenden Conſiſtorium nicht zur Ehre. Der Verfaſſer
75 726 1243 775 führte mit Unterſtützung des Landgerichts und des Magiſtrats die Theil⸗
75 775 1245 824 nahme der Sonntagsſchulpflichtigen an den öffentlichen Katechiſationen ein.
75 824 1253 873 Der Schulvorſtand war dagegen, und hinderte es durch Verlegung der
81 871 1250 920 Unterrichtsſtunden; das Conſiſtorium that Nichts. „Gleicher Weiſe ver⸗
81 924 1249 970 nahm ich im vorigen Jahre, daß das Bürgermilitär am Sonntag und
77 973 1249 1019 zwar in der Frühe, nicht lange vor dem Anfange des Gottesdienſtes, exer⸗
87 1023 1255 1067 ciren müſſe; ich ſchrieb an das Commando, und bat um Abſtellung dieſer
83 1071 1249 1117 Sabbaths⸗Entweihung, und das Commando berief ſich auf höhere Be⸗
87 1124 1251 1166 fehle; ich wendete mich an das Conſiſtorium, und dieſes hat mich bis
85 1167 633 1214 heute noch ohne Antwort gelaſſen.“
149 1239 1257 1273 Ref. kann nicht umhin, auf ein älteres vortreffliches Schriftchen hin⸗
89 1280 1251 1327 zuweiſen, das die Verhältniſſe der baierſchen Kirche und ihre Bedürfniſſe
89 1323 894 1372 in würdiger, gediegener Weiſe zur Sprache bringt:
107 1378 1253 1419 Allgemeine Ueberſicht des Zuſtandes der proteſt. Kirche in
143 1428 1260 1462 Baiern bei der dritten Säcularfeier der Augsburgſchen Confeſſions⸗
145 1472 1260 1509 Uebergabe im Jahr 1830. Von Karl Fuchs, der Theologie Doctor,
149 1518 1266 1554 Königl. Conſiſtorialrathe und Hauptprediger. Ansbach, Dollfuß. 1830.
154 1558 412 1599 S. 67. ⅓ rtlr.
153 1617 1265 1656 Nach einer, der Veranlaſſung gemäßen kurzen Einleitung, finden wir
93 1656 1263 1708 eine allgemeine Statiſtik der baierſchen proteſtantiſchen Kirche, welche durch
93 1704 1257 1757 die Zeitereigniſſe des 19. Jahrhunderts geſchaffen wurde. Sie zählt 985
91 1755 1263 1808 Pfarreien, worunter 288 ſind, die durch Präſentation der Patronate be⸗
91 1804 1257 1859 ſetzt werden, welches aber imRheinkreiſe bei keiner Pfarrſtelle Anwendung
93 1854 1259 1905 findet. Bei dieſen Pfarrgemeinden ſind 1150 Geiſtliche angeſtellt, und
87 1899 1265 1953 die Zahl der Geſammtgemeinden war ſchon 1826 auf 1,089,523 Seelen
89 1949 1267 2002 berechnet. In allen 8 Kreiſen des Königreichs ſind proteſtantiſche Pfarr⸗
91 1997 1261 2052 gemeinden. In den älteren Landestheilen iſt die Zahl der evangeliſchen
89 2044 1259 2100 Einwohner gering; im Iſarkreiſe finden ſich nur 2 Pfarreien, München
95 2092 1264 2152 mit 7000 Seelen, und Carolinenfeld; im Unterdonaukreiſe nur Ortenburg
97 2141 1260 2202 mit 1359 Seelen. Die zahlreichſten Evangeliſchen ſind im Rezatkreiſe,
97 2191 1265 2251 dem Ober- und Untermainkreiſe. Neue Gemeinden entſtanden in früher
