1346 2449
437 65 917 106 Neue Auflagen theol. Schriften.
1209 70 1269 110 63
93 144 1266 189 ſeiner Oberfläche eine leichte Erſchütterung erleidet. Bisweilen greift von
101 194 1266 238 Außen her ein gewaltſamer Neptun ein, und erregt Aufruhr in dem
90 243 1262 287 Pfuhle. An ihn klammern ſich dann dieſe leichten Inſecten an, die Wahr⸗
97 291 1264 336 heitliebenden verkriechen ſich ſchweigend. Weithin dringt der faulichte (ige)
101 341 1263 384 Geruch, aber nach kurzer Friſt tritt die alte Trägheit wieder ein, weil
89 388 1261 433 kein bewegendes inneres Leben die ſchmutzige Maſſe durchdringt.“ —
93 440 1265 482 Rettig und Börne ſind die wahren restitutores orbis in Kirche und
98 481 265 530 Staat. —
525 547 826 588 (Fortſetzung folgt.)
258 659 1102 698 Neue Auflagen theologiſcher Schriften.
121 718 1267 762 Das Buch Hiob. Ueberſetzung und Auslegung nebſt Einleitung über
161 768 1267 806 Geiſt, Form und Verfaſſer des Buches, von Dr. Friedrich Wilhelm Carl
161 811 1269 850 Umbreit, ordentlichem Profeſſor der Theologie an der Univerſität zu
165 857 1273 894 Heidelberg. Zweite verbeſſerte und vermehrte Auflage. Heidelberg, bei
161 899 943 939 J. C. B. Mohr. 1832. gr. 8. 448 S. 2⅓ rtl.
157 955 1267 994 Das Verdienſt des Herrn Dr. Umbreit um die Auslegung des erha⸗
97 994 1269 1044 benſten Dichterwerkes des hebräiſchen Alterthumes iſt bekannt, und es
97 1041 1267 1093 macht Ref. ein beſonderes Vergnügen, die nach ſo wenigen Jahren er⸗
95 1089 1265 1142 folgte zweite Auflage ſeines Commentars anzuzeigen, inſofern darin ein
99 1137 1269 1191 erfreulicher Beweis von dem eifrigen Studium unſeres Buches ſich aus⸗
93 1185 1263 1242 ſpricht. Die Anſichten des Verf. über Geiſt, Form und Zeitalter des
103 1234 1267 1292 Buches Hiob ſind die nämlichen geblieben und alſo als bekannt vorauszu⸗
105 1284 1273 1341 ſetzen. Auch ſeine Auslegung hat im Ganzen nur unbedeutende Fortſchritte
95 1331 1275 1391 gemacht, indem Herr Dr. Umbreit die Meinung hegt, daß es mehr ſeine
99 1380 1275 1438 Pflicht ſey, die bereits gegebenen Erklärungen feſter zu begründen, als
105 1428 1265 1487 neue zu ſuchen, eine Anſicht, welche Recenſent aus dem Grunde nicht
95 1472 1265 1536 theilen kann, weil er ſich in dieſem Falle zu der verdrüßlichen Reſignation
105 1521 1265 1583 verſtehen müßte, auf den urſprünglichen Sinn ſo mancher Stelle zu ver⸗
95 1569 1263 1633 zichten. Daß hiermit nicht zu viel geſagt iſt, beweiſt die Ueberſetzung vie⸗
101 1617 1263 1683 ler Stellen, bei welchen man nicht weiß, was von Beidem man für dunke⸗
103 1665 1269 1735 ler halten ſoll, den Text oder die Ueberſetzung. Man vergleiche zur Be⸗
99 1712 1235 1787 ſtätigung, ſtatt aller andern Stellen, die Ueberſetzung von Cap. 12, 5.:
213 1786 1141 1841 So iſt verächtlich nun die Fackel jenem, der ſich ſicher weiß,
207 1830 1000 1880 Da ſie geſchickt doch war, den irren Fuß zu leiten.
173 1879 1267 1936 So viel Recenſent vom Hiob verſteht, ſo iſt in der Ueberſetzung die⸗
102 1909 1259 1987 ſer Stelle faſt kein Wort richtig. Wo aber ſolche Fälle vorkommen, da
104 1953 973 2035 hat die Auslegung wahrhaftig das Ihrige noch zu thun.
129 2028 1269 2098 Commentar zum Evangelio Johannis von Dr. A. Tholuck. Vierte ver⸗
161 2080 1270 2146 beſſerte Aufl. Hamburg, bei Perthes. 1833. gr. 8. 368 S. 1½ rtl.
151 2136 1266 2203 Der Herr Verf. hatte ſchon in der dritten Aufl. (1831) die ἀκρίβεια,
93 2171 1271 2249 deren Nothwendigkeit bei Auslegung der heiligen Schriften er immer mehr
