1364 2456
195 90 1180 134 Allgemeines Repertorium
642 166 733 208 fuͤr
119 238 1243 283 die theologiſche Literatur und kirchliche Statiſtik.
604 357 769 397 № 2.
425 469 960 511 Exegetische Theologie.
137 529 1279 564 Beiträge zur Einleitung in die bibliſchen Schriften. Von Dr.
161 575 1279 608 Karl Auguſt Credner, Prof. der Theol. zu Gieſſen. Erſter Band. Die
165 620 1267 653 Evang. der Petriner oder Judenchriſten. S. 533. X. Halle, Waiſenhaus
164 660 486 698 1832. gr. 8. 2¼ rtl.
149 716 1275 757 Dieſer erſte Band verſpricht zunächſt noch zwei Nachfolger, mit welchen
101 761 1277 806 er eine Einleitung in die 4 Evangelien vollenden will, welche die gegen⸗
103 809 1275 854 wärtige Lieferung in ſofern anbahnt, als ſie den Stoff für die Unterſu⸗
107 859 1273 903 chung genetiſcher Verhältniſſe ſo vollſtändig als möglich darlegt, womit der
107 908 1275 951 zweite Band, Unterſuchungen über den Zuſtand der griechiſchen Ueberſetzung
107 955 1279 999 des A. T. am Ende des erſten und Anfang des zweiten Jahrhunderts
103 1003 1280 1050 enthaltend, fortfahren wird, während der dritte die eigentliche Einleitung
111 1052 1279 1099 geben ſoll. Abſchnitt I. Anſehen und Gebrauch der neuteſtamentlichen
107 1101 1271 1146 Schriften in den beiden erſten Jahrhunderten S. 1 — 91. Nach einer
103 1148 1273 1198 weniger tiefen als rhetoriſchen Entwicklung des Begriffs von Offenbarung
103 1197 1269 1247 und Inſpiration werden die bibliſchen Stellen geprüft, und wird gezeigt, daß
107 1246 1275 1296 nicht die Apoſtel allein, ſondern alle Chriſten im Beſitz des göttlichen Gei⸗
101 1295 1271 1346 ſtes dargeſtellt werden, womit man übrigens immer unbeſtimmte, ſchwan⸗
103 1342 1269 1394 kende Begriffe verbunden habe. Auch die apoſtoliſchen Väter ſchreiben ſich
107 1392 1277 1442 den Geiſt zu, daraus zu ſchließen, daß ſie noch keine apoſtoliſchen Schrif⸗
107 1439 1271 1491 ten als inſpirirt beſonders auszeichneten; dieß wird ſofort noch beſonders
105 1487 1270 1542 nachgewieſen, indem Ignatius *) gegen das A. T. (ἀρχαῖα!?) kämpft,
113 1536 1275 1590 ohne ihm neue Schriften entgegenzuſtellen, Polycarp wenig Unterſchied
107 1584 1277 1638 zwiſchen Paulus und Ignatius macht (wobei der Verf. gegen einen Aus⸗
105 1631 1273 1688 druck scripturis dictum est von Paulus kämpft), Papias keinen Unter⸗
103 1678 1271 1741 ſchied unter den Schülern Jeſu zuläßt, bei denen er Reden ſammelt.
109 1725 1271 1788 Auch die Polemik eines Celſus kennt noch keinen Unterſchied zwiſchen in⸗
115 1777 1275 1837 ſpirirten und andern Schriften. Früher war die mündliche Ueberlieferung
105 1819 1269 1885 die einzige Quelle, und nur die altteſtamentlichen Schriften wurden zur
111 1863 1279 1935 Beſtätigung beigezogen. Jetzt regte ſich das Bedürfniß einer fixirteren
110 1912 1277 1983 Tradition, einer ſchriftlichen; aber letztere beſtand nicht allein in unſern ka⸗
108 1957 1277 2033 noniſchen Evangelien, ſondern auch in apokryphiſchen. — Schon die Ent⸗
175 2095 1276 2149 *) Unbegreiflich iſt, wie der Verf. in dem ἱουδαισμός, vor welchem Ig⸗
107 2131 1280 2193 natius warnt, den Gebrauch des A. T. gemeint glauben kann! Wie hoch
108 2173 666 2232 stellt Ignatius immer die Propheten!
126 2221 358 2272 II. Bd. 1833.
1020 2245 1058 2282 2
