1342 2454
518 92 809 132 Kirchliche Statiſtik.
70 114 116 148 30
73 162 1266 223 aus einer Provinz in die andre ſollten verſetzt werden können, ſo führte
70 211 1262 271 dieß unvermeidlich zu einer Ungleichheit, welche in einzelnen Fällen ſogar
70 260 1262 322 als Ungerechtigkeit erſcheinen mochte, und ohne Zweifel haben hierin eine
68 311 1256 371 Menge der Klagen ihren Grund, welche über angebliche Bevorzugung und
70 362 1252 420 Begünſtigung, oder gegentheils über Hintanſetzung einzelner Subjecte ge⸗
76 429 380 468 führt worden ſind.“
153 461 1260 518 „Da durch die ganze kirchliche Verwaltung derſelbe Geiſt ging, welcher
66 507 1260 567 in der Adminiſtration aller übrigen Staatsangelegenheiten herrſchte, ſo konnte
74 555 1258 616 die Kirche ihr ganz eigenthümliches, von allen übrigen Elementen der ſtaats⸗
78 604 1264 666 bürgerlichen Existenz weſentlich verſchiedenes Leben unmöglich gehörig ent⸗
76 651 1264 716 falten, und da überdieß in ſämmtlichen Kirchenraths⸗Collegien die nicht⸗
71 700 1260 766 geiſtlichen Mitglieder der Zahl nach das Uebergewicht hatten, ſo war es
86 750 1258 813 leicht begreiflich, daß die Sorge für die äußern Angelegenheiten die höhe⸗
82 798 1260 863 ren, geiſtigeren Intereſſen verſchlang und der rein religiöſe Geiſt weit
76 849 1262 911 mehr in den Hintergrund trat, als es hätte geſchehen dürfen, wenn die
79 898 1262 960 Kirche gerade in ſo bedenklichen Zeiten, wie wir ſie durchlebt haben, ihre
85 947 1264 1010 ganze volle Wirkſamkeit entwickeln ſollte. So iſt es denn auch wirklich
83 998 1264 1060 gekommen. Die Kirchenraths⸗Collegien ſind gewiß nie unthätig geweſen;
86 1045 1260 1108 aber ihre Thätigkeit war faſt bloß auf äußere Kirchenverhältniſſe beſchränkt.
88 1094 1268 1157 Wer ſich davon überzeugen will, der durchblättere nur die ſeit 6 oder
86 1145 1262 1205 8 Jahren erſcheinende „Sammlung der Ausſchreiben“ dieſer Behörden,
80 1193 1264 1253 und er wird ſtaunen, wie unglaublich wenig für das eigentliche innere
91 1243 1262 1303 Leben der Kirche darin enthalten iſt, ſo daß der Unkundige glauben müßte,
87 1292 1266 1352 unſer Kirchenweſen befinde ſich in einem durchaus unverbeſſerlichen Zuſtande,
94 1339 1262 1403 und ſey längſt im Beſitz alles deſſen, was neuerdings in Folge der fort⸗
92 1388 1266 1453 geſchrittenen Zeit als Bedingung einer würdigen Stellung und ſegenvollen
90 1435 1270 1501 Wirkſamkeit der Kirche und des geiſtlichen Standes geltend gemacht wor⸗
90 1484 1276 1552 den iſt. — Ich wiederhole, daß ich hiermit weder den Kirchenraths⸗Colle⸗
96 1535 1274 1601 gien im Ganzen, noch den einzelnen Mitgliedern derſelben einen Vorwurf
96 1585 1268 1650 machen will. Ich ſuche vielmehr den Grund davon in der ungünſtigen
89 1650 763 1699 Stellung und Zuſammenſetzung derſelben.“
169 1679 1278 1752 „Zu allen dieſen bisher berührten Mängeln kam aber überdieß noch
92 1733 1270 1800 der in ſeinen Folgen gar nicht zu berechnende Nachtheil, daß es, beſonders
94 1869 1266 1933 Prüfungsbehörde gar wohl die erſte Note erhalten und dadurch bei allen
102 1911 1268 1977 nachfolgenden Beförderungsgeſuchen vor einem andern, vielleicht weit Würdi⸗
97 1956 1268 2023 gern, der aber vor ſtrengern Examinatoren nur den zweiten Grad verdienen
100 1999 1274 2068 konnte, einen immerwährenden entſcheidenden Vorzug haben. Dieſe Sache
100 2048 1266 2113 hatte keine Bedeutung, als die verſchiedenen Provinzen noch gleichſam abge⸗
100 2089 1268 2159 ſchlossen waren, und die Amtsverſetzung aus der einen in die andere nur als
104 2133 1268 2202 Ausnahme vorkam. Seitdem aber — wie billig — dieſer Provinzialbann
104 2181 1266 2248 aufgehoben iſt, hat es an empfindlichen Folgen jener ungleichheit nicht feh⸗
102 2258 293 2292 len können.“
