1342 2454
526 51 801 93 Kirchliche Statiſtik.
75 59 133 102 16
73 136 1255 175 ich es mir nicht verhehlen, daß fortwährend die Zahl derjenigen noch allzu⸗
71 185 1252 224 groß iſt, welche die heilige Bedeutung und ſchwere Verantwortlichkeit ihres
73 234 1252 271 heiligen Berufes nicht vollſtändig erkannt, nicht ernſt beherzigt zu haben
77 283 1252 319 durch Wort und That beurkunden. Zwar die in beſtimmten Stunden
74 331 1258 370 abzumachenden Geſchäfte verrichten ſie, und dem Buchſtaben beſtehender
71 380 1256 419 Verordnungen und Reglements kommen ſie nach, ja, wiſſen vielleicht ſogar
72 430 1252 466 durch prompte Berichterſtattung und genaue Führung der Amtstabellen und
74 480 1248 516 Kirchenrechnungen den Dank und Beifall der Behörden zu verdienen.
84 529 1254 564 Aber für den höhern Standpunkt iſt dieß Alles werthlos, weil ihnen der
80 578 1258 613 rechte Geiſt fehlt, weil ſie nicht in wahrer inniger Liebe und in frommer
69 626 1252 662 Begeiſterung ihrem Berufe mit einer alles Andere ausſchließenden Hin⸗
73 674 1254 713 gebung leben, ſondern die Pflichten deſſelben eben nur als Geſchäfte und
79 725 1256 761 als einen Frohndienſt anſehn, den man nothdürftig, nicht ſelten mechaniſch
80 774 1256 809 verrichtet, um dann deſto ungeſtörter dem dolce far niente obliegen, oder
75 822 1254 857 dem Fruchtacker und dem Weinberge (nicht dem des Herrn) nachgehn zu
77 871 1254 907 können.“ Dieſe Aeußerungen des verewigten Z. muß Verf. nach ſeiner
74 920 1258 956 Erfahrung nicht nur unbedingt als wahrheitsgemäß anerkennen, ſondern er
74 969 1256 1005 iſt ſogar im Stande das hier gegebene Gemälde in vielen Zügen noch
73 1016 1256 1054 weiter auszuführen und die grellſten Farben dazu von Thatſachen zu ent⸗
74 1065 1254 1103 lehnen, welche wirklich faſt an’s Unglaubliche grenzen, und die religiöſe und
76 1113 1260 1152 wiſſenſchaftliche Indolenz, die geiſtige Mittelmäßigkeit und Trägheit, die
73 1163 1252 1202 gemeine, ganz dem Höhern entfremdete Lebensanſicht, die Ordinärheit der
77 1212 1252 1250 nur auf die gewöhnlichſten Intereſſen gerichteten Geſinnung, die widerliche
76 1261 1252 1298 ſinnliche Genußſucht und Verweltlichung eines leider nur zu großen Theils
78 1308 1256 1347 der Heſſiſchen Geiſtlichkeit auf eine Wehmuth erregende Weiſe darlegen.
75 1356 1254 1396 Wohl kann man deßhalb auf dieß Heſſiſche Kirchenleben die Worte Schil⸗
76 1407 1248 1447 ler’s anwenden, „daß, wo die Kunſt verfällt, dieß allezeit durch die Schuld
74 1458 437 1497 ihrer Jünger geſchehe.“
514 1505 812 1548 (Fortſetzung folgt.)
535 1599 786 1640 Miscellen.
449 1661 878 1696 Todesfälle. Januar.
146 1704 1250 1741 Den 13. ſtarb der Superintend. M. G. W. Wendler 66 J. alt, wäh⸗
78 1748 1248 1787 rend der Predigt am Lungenſchlage. — D. 15. zu Glatz der Prof. ng. con-
82 1794 1248 1831 viet. V. Fiſcher 29 J. alt. — D. 16. zu Coblenz K. Albrecht Pf. zu U. L. F.
74 1837 1246 1876 Dechant des Capitols, biſchöfl. Provicar u. Ehren⸗Domherr von Trier 87 J. a.
80 1881 1240 1920 — D. 18. zu Rom R. N. M. Nicolai, Generalauditor der apoſtol. Kammer,
74 1925 1244 1965 Secretär der Verwaltungscongregation 77 J. a. — D. 24. zu Herrnſtadt,
73 1974 1200 2010 Superint. Weiger 70 J. a. Zu Ansbach Conſiſtorialr. v. Wunſch. —
74 2012 1252 2055 D. 26. zu Frankf. a. M. A. Stein, ev. Pf. u. Sonntagsprediger z. h. G.
68 2055 1242 2102 44 J. a. — D. 27 Frz. Wully, Chorherr von Chur u. Kanzler des Biſch.
72 2112 430 2147 von Lauſanne 56 J. a.
897 2196 1236 2249 Verleger: F. A. Herbig.
90 2211 557 2251 Redacteur: Prof. Dr. Rheinwald.
