1360 2446
465 59 873 98 Evangeliſches Kirchenrecht.
63 69 157 110 200
76 136 1256 182 erlauben wir uns noch, einige Schriften ihm namhaft zu machen, die der
76 193 828 231 Aufnahme nicht unwerth geweſen ſeyn dürften:
152 232 1258 281 1) Das Bekenntniß des Glaubens. Bei der Jubelfeier der
75 283 1264 328 Uebergabe der Augsb. Confeſſion, 25. Juni 1830, in der Königl. Hof⸗
72 337 1252 376 und Domkirche zu Berlin gehalten von Dr. Fr. Theremin (einzeln ge⸗
80 388 1070 426 druckt und in der Sammlung: „Zeugniſſe von Chriſto.“) 8.
78 433 1254 477 2) De rationibus, quibus catholicae etiam non mi-
75 481 1256 524 nus quam evangelicae ecclesiae membra memoriam ob-
80 529 1252 575 latae Augustanae Confessionis aequa laetaque mente
78 579 1256 623 recolere possint. Programm zur Säcularfeier der Univerſität Tü⸗
76 636 1118 671 bingen, von Prof. Dr. J. C. Steudel. Tubing. 1830. 4. —
157 675 1256 721 3) De modestia, pracipua Evangel. Confessoris vir-
76 727 1258 769 tute, oratio in sec. memor. August. Confessionis Imperat. et Im-
72 778 1264 820 perio exhibitae, d. 25. Juni 1830, habita ab I. C. L. Gieseler,
79 831 742 869 Prof. Theol. p. O. Bonnae 1830. 4.
419 968 917 1008 Praktische Theologie.
247 1030 1091 1068 Evangeliſches-Kirchenrecht
590 1082 738 1120 Baiern.
587 1136 758 1177 (Schluß.)
108 1185 1260 1230 Einige Bemerkungen über Kirchenordnung und Gottesdienſt⸗
148 1230 1256 1275 ordnung, veranlaßt durch die in dieſer Beziehung den proteſtantiſchen
148 1275 1250 1318 Geiſtlichen Bayerns dießſeits des Rheins zur Begutachtung mitgetheilten
150 1320 1250 1363 Entwürfe. Von Dr. Adam Theod. Alb. Franz Lehmus, Decan und
148 1363 1260 1410 Stadtpfarrer an der St. Johannis⸗Kirche zu Ansbach. Nürnberg bei
147 1420 481 1453 Raw. 1833. S. 80.
152 1462 1254 1512 Den erſten Theil über Kirchenordnung (welcher nichts bloß auf
74 1511 1262 1562 Baiern Bezügliches enthält) für eine andere Gelegenheit zurücklegend, be⸗
86 1560 1252 1613 merken wir, daß die Kritik der Gottesdienſtordnung aus einem glaubens⸗
80 1605 1264 1662 vollen, für das Evangelium begeiſterten Herzen hervorging, und neben ei⸗
78 1658 1252 1710 ner gut durchgeführten Widerlegung des Verlangens nach unbedingter
75 1707 1260 1758 Lehrfreiheit, dem Feldgeſchrei der inneren Widerſacher der Kirche, deren
84 1754 1254 1807 der Verfaſſer in Baiern viele vorauszuſetzen ſcheint, eine beſonnene und
80 1803 1254 1857 billige Aufzeigung der Mängel des wohlgemeinten Entwurfs darbietet.
85 1850 1256 1907 Unbeſtimmtheit der Begriffe ſoll ſich zeigen 1) in der ganzen Anlage der
84 1902 1254 1959 Arbeit, die Ungehöriges in ſich aufnimmt, und das hierher Gehörige nicht
83 1948 1260 2008 gehörig eintheilt, 2) in den Aeußerungen, die über einzelne kirchliche Hand⸗
86 1998 1254 2057 lungen vorkommen, und 3) in der ganzen Ausdrucksweiſe. Die Beweiſe
90 2041 1268 2110 ſind meiſt ſchlagend. Was der Verfaſſer gegen den §. 20. „Anerkannt
78 2097 1254 2159 ausgezeichneten Predigern in Städten wird geſtattet, einen ganzen Jahr⸗
78 2142 1258 2209 gang ſelbſtgewählter Texte zum Grunde zu legen,“ geltend macht, wird
84 2195 1254 2259 allgemeine Einſtimmung auch bei denen finden, welche ſeinen Vorſchlag,
