1342 2454
34 92 90 133 10
483 207 829 246 Zeitschriften.
69 262 1226 305 Zeitſchrift für Philoſophie und katholiſche Theologie. Heraus⸗
111 310 1220 348 gegeben von DD. Achterfeld, Braun, Scholz, Vogelſang. Fünf⸗
111 359 574 391 tes Heft. Cöln 1833. 1 rtl.
95 407 1222 448 Das fünfte Heft, zugleich das erſte des zweiten Jahrgangs, enthält
33 458 1225 496 au Abhandlungen: 1) Philoſophiſche Unterſuchung über die Freiheit des
33 506 1225 546 menſchlichen Willens, von Prof. Dr. Baltzer in Breslau. 2) Chriſtliche
39 554 1221 595 Sophiſtik aus helleniſcher, von Kreuſer in Cöln (Schluß). 3) Naturrecht⸗
42 605 1231 645 liche Erörterung über die Pflicht und das Recht der Eltern, ihre Kinder
39 655 1225 695 zu erhalten und zu erziehen, mit beſonderer Rückſicht auf gemiſchte Ehen,
42 703 1222 743 von Saling, in Osnabrück. 4) Ueber den Werth des Textes, welchen die
43 753 1233 792 alexandriniſch. Handſchriften des N. T. enthalten, von Dr. Scholz. (Die
46 801 1229 841 Unterſuchung wurde zunächſt veranlaßt durch Lachmann’s Ausgabe des N.
45 850 1228 890 T., der die alexandriniſchen Handſchriften zum Grunde legte, während die
45 898 1232 938 früheren Herausgeber, indem ſie dem textus receptus folgten, eo ipso
42 947 1232 987 die konſtantinopolit. Codd. für die richtigeren erklärten. — Der Vf. ge⸗
51 996 1231 1036 genwärtiger Abhandlung ſucht zu erweiſen, daß die Handſchriften A B C
47 1046 1229 1085 D K. ꝛc. für die Evangelien, A B C D G. ꝛc. für die Apoſtelgeſch.,
49 1094 1235 1134 A B C D F G. ꝛc. für die Paulin. Briefe; von den Ueberſetzungen die
42 1142 1233 1184 ägyptiſchen, die lateiniſchen, die armen. und ſyriſch-jeruſalem. ꝛc. die Ci⸗
47 1191 1232 1232 tate des N. T. bei den alexandriniſchen patres, Hieronymus und den la⸗
45 1241 1222 1281 teiniſchen patres ihren Text faſt bloß von Aegypten ableiten, und daß die⸗
50 1291 1226 1331 ſer Text — im Vergleiche mit den konſtantinopolitaniſchen H. — der un⸗
51 1339 1230 1380 richtigere ſey. Zugleich ſetzt er den Werth, welchen die alexandriniſchen Hand⸗
49 1386 1224 1430 ſchriften überhaupt in der Kritik haben, in's Licht.) 5) Ueber Jusſtins Apo⸗
50 1436 1236 1479 logie. 1, 6. (Zuſätzliche Bemerkungen grammatiſch-kritiſcher Art zu Möh⸗
49 1488 1221 1527 ler’s Prüfung der Neanderſchen Erklärung obengenannter Stelle im Juſtin.)
130 1535 1227 1576 Recenſionen: Hirſcher, Katechetik (Schluß). Marheineke,
41 1582 1238 1626 Reformations⸗Geſchichte. 1831. Unterz. Chev. (Zuerſt Kritik der Vor⸗
50 1632 1230 1676 reden. Sodann geht Rec. die einzelnen Capitel bis Nr. 4 durch, und be⸗
52 1682 1228 1725 merkt zuletzt,, daß an Allem, was M. über Eck’s Betragen in der Leip⸗
45 1729 1224 1775 ziger Disputation ſage, auch nicht ein Titelchen Wahres ſey,“ eine Be⸗
50 1778 1230 1823 hauptung, welche vom Hörenſagen hergenommen zu ſeyn ſcheint, da die
46 1826 1236 1872 vom Rec. citirte Quelle — Luther’s Werke Band 15. — die M. Schil⸗
46 1878 1230 1922 derung vollkommen beſtätigt. — Gleich darauf kann Rec. nicht begreifen,
48 1927 1224 1971 wia Marh. „Carlſtadt einen verlegenen Mann habe nennen können,
44 1973 1232 2020 der doch bald darauf ſo frech in Wittenberg ꝛc. gegen Luther aufgetreten
49 2022 1234 2072 ſey.“ Sollten ſich denn dieſe beiden Eigenſchaften ſo ganz excluſio gegen
54 2069 1232 2120 einander verhalten, und nicht in einem und demſelben Subject neben einan⸗
50 2120 1224 2169 der ſeyn können? — Uebrigens bemerkt Rec. zuletzt: „Nein, ein Buch,
54 2165 1236 2219 das alle hiſtoriſche Wahrheit ſo mit Füßen tritt, verdient nicht, daß wir
50 2229 609 2268 noch eine Seite weiter recenſiren!“) —
