1342 2454
588 72 755 109 Miscellen.
80 87 140 121 48
78 146 1264 194 Travancore machte dieſem traurigen Zuſtande der Dinge ein Ende. Mar
80 190 1252 239 Thomas regierte unter dem Namen Mar Dionyſius die Thomaschriſten bis
76 234 1260 282 1797. Einige Jahre ſpäter erregte die Geſchichte und die Angelegenheit die⸗
86 281 1254 326 ſer Sekte die Aufmerkſamkeit der engliſchen Behörden in Travancore; ſeit
82 326 1256 371 dieſer Zeit hat ſich ihre Lage bedeutend gebeſſert. In Cottayam iſt für ihre
77 370 1254 416 Jugend ein eigenes Gymnaſium, bei welchem engliſche Miſſionarien unterrich⸗
86 415 1252 462 ten, geſtiftet worden, und I. Hoheit, die Rani von Travancore, hat der An⸗
81 460 1250 506 ſtalt 20000 Rupien und eine Strecke Lanb mit 100 Sklaven dazu, zum Ge⸗
86 505 1252 553 ſchenk gemacht. — Die Thomaschriſten theilen ſich noch immer in die ihren
82 553 1250 598 urſprünglichen Glaubensſätzen anhangenden (ſyr. Chriſten von Malayala)
80 597 1254 644 und die, welche die Beſtimmungen des röm. Stuhls angenommen (ſyvo⸗röm.
74 640 1254 689 Katholiken). Jene beſitzen 57 Kirchen oder Gemeinden, mit etwa 70000
74 687 1250 734 Seelen. Dieſe 97 Kirchen, mit etwa 90000 Seelen. Als Folge des frühe⸗
78 730 1256 779 ren Einfluſſes der röm. Geiſtlichkeit bemerkt man noch viele Spuren einer
85 776 1258 821 Verwandtſchaft der Meinungen und Gebräuche jener erſten Parthei mit der
82 820 1254 869 zweiten (ſie laſſen die Seelenmeſſen, das heil. Oel, 7 Sacramente, Ohren⸗
82 866 1258 913 beichte ꝛc. zu). Ref. hofft auf eine Union beider, ſo daß jene nämlich an
82 910 1258 958 dieſe ſich anſchließen. Als Unterthanen und Bürger iſt die Aufführung jener
80 965 903 1005 erſten weit untadelhafter, als die der ſyro⸗römiſchen.
156 1006 1260 1057 Bekanntlich ſchrieb der herzogl. Braunſchw. Conſiſtorialpräſident Hur⸗
82 1054 1256 1102 lebuſch die Schrift: „Bemühungen der Jeſuiten, einen ſiebenzehnjährigen
84 1092 1253 1148 Knaben zum Uebertritt in die ſogenannte allein ſeligmachende Kirche und zur
86 1141 1260 1192 Ermordung ſeines Religionslehrers zu führen, ſammt kurzer Nachricht vom
83 1188 1254 1238 Jeſuitenorden. Göttingen 1831.“ Er wurde deßhalb von dem praeses Col-
77 1232 1258 1283 legii Josephini Hrn. Vicar Lüsken zu Hildesheim und Herrn Paſtor Beck
83 1279 1260 1328 zu Wien belangt, und von den H. Gerichten verurtheilt, wegen der in dieſer
84 1323 1254 1373 Schrift vorkommenden, eine Verunglimpfung der Ehre und des guten Na⸗
87 1368 1262 1419 menz enthaltenden Stellen, jedem Kläger eine ſchriftliche Abbitte zu leiſten
85 1428 597 1463 und eine Geldſtrafe zu entrichten.
150 1464 1264 1519 Der Kaiſer von Oeſterreich hat das Kloſter Praglia bei Padua den
88 1510 1258 1565 Benedictinern wieder eingeräumt, und alle ihnen zugehörige, noch nicht ver⸗
90 1557 1254 1609 äußerte Güter reſtituirt. Der Biſchof von Padua, Herr Farina, hat allen
82 1603 1256 1654 Ordensangehörigen des Lombardiſch⸗Venetianiſchen Königreichs dieß angezeigt,
84 1647 1254 1701 und mit wenigen Ausnahmen ſind alle dem Anerbieten gefolgt, ſo wie auch
88 1707 723 1746 noch andere um Aufnahme gebeten haben.
1109 1694 1225 1738 (Sion.)
145 1743 1258 1800 In der Sitzung der königl. Akademie der Wiſſenſchaften zu Berlin las
80 1790 1258 1846 am 6. Junius Herr Eichhorn eine Abhandlung über die ächte Iſidoriſche
85 1852 729 1889 Sammlung der Quellen des Kirchenrechts.
149 1876 1261 1942 Die Collecte für die Cholera⸗Waiſen während des Jubiläums zu Paris
89 1951 766 1990 hat die Summe von 40000 Francs erreicht.
991 1934 1238 1982 (Ami d. I. rel.)
526 2050 827 2088 Druckfehler.
163 2110 766 2147 Seite 16. Zeil. 9 v. u. ſtatt ng. I. reg.
259 2151 919 2192 ⸗ 16. ⸗ 7 v. u. ⸗ Capitols I. Capitels.
118 2238 573 2283 Redacteur: Prof. Dr. Rheinwald.
912 2217 1239 2271 Verleger: F. A. Herbig.
