1501 2586
249 163 1102 118 Leben und ausgewählte Schriften

550 268 717 80 der Väter und Begründer

357 341 879 68 der reformirten Kirche.

663 405 292 53 Herausgegeben von

124 453 1336 48 Dr. J. W. Baum, Profeſſor in Straßburg, R. Chriſtoffel, Pfarrer in Winterſingen, Dr.

130 496 1324 40 K. R. Hagenbach, Profeſſor in Baſel, C. Peſtalozzi, Pfarrer in Zürich, Dr. C. Schmidt,

126 531 1330 40 Profeſſor in Straßburg, Lic. E. Stähelin, Pfarrer in Baſel, Lic. K. Sudhoff, Pfarrer

659 567 284 42 in Frankfurt a. M.

691 604 216 53 Eingeleitet von

542 650 500 73 Dr. K. R. Hagenbach.

663 720 257 84 Proſpectus.

188 800 1268 48 Das klarſte Bild von der Tendenz und Ausführung dieſes für die evangeliſche Kirche

128 843 1330 41 ſo bedeutungsvollen Unternehmens dürfte wohl am beſten die „Einleitung von Profeſſor

122 879 1332 41 Dr. K. R. Hagenbach” im erſten Bande (H. Zwingli) bieten, auf welche die unter⸗

128 915 1214 45 zeichnete Verlagshandlung denn hiermit ſpeziell aufmerkſam zu machen ſich erlaubt.

703 957 173 54 Inhalt:

511 1007 564 57 Leben und ausgewählte Schriften.

193 1050 1260 58 I. Band. Huldreich Zwingli. Von R. Chriſtoffel. 49 Bogen. II. Band. J. Oeco-

123 1095 1333 48 lampad und O. Myconius. Von Dr. K. R. Hagenbach. 31 Bogen. III. Band. W. F. Capito

127 1130 1330 48 und M. Butzer. Von Dr. J. W. Baum. 40 Bogen. IV. Band. Johannes Calvin. Von

127 1164 1324 49 Lic. E. Stähelin. circa 50 Bogen. V. Band. H. Bullinger. Von C. Peſtalozzi.

125 1198 1320 50 42 Bogen. VI. Band. Theodor Beza. Von Dr. J. W. Baum. circa 25 Bogen. VII. Band.

125 1236 1330 46 Peter Martyr. Von Dr. C. Schmidt. 20 Bogen. VIII. Band. C. Olevianus und Z. Urſinus.

121 1271 1331 48 Von Lic. K. Sudhoff. 41 Bogen. IX ( Supplement⸗) Band. Dr. Joachim Vadianus,

115 1304 1338 50 Berthold Haller, Leo Jud, Sebaſtian Hofmeiſter, Ambroſius Blaarer, Franciscus Lambert,

120 1343 698 49 Johannes Lasky, Wilhelm Farel und Peter Viret.

628 1389 315 49 Bedingungen.

190 1433 322 35 Der bereits erſchienene

115 1466 1341 47 Band I.: „Huldreich Zwingli von R. Chriſtoffel. Mit dem Portrait Zwingli’s

273 1502 1176 45 in Stahl geſtochen” koſtet im Subſcriptionspreiſe nur 1 Thlr. 10 Sgr.,

276 1537 393 38 im Ladenpreiſe 2 Thlr.

107 1573 1346 44 Band II. (der ganzen Folge 8. Band): „C. Olevianus und Z. Urſinus von K.

273 1604 1182 47 Sudhoff” koſtet im Subſcriptionspreiſe nur 1 Thlr. 10 Sgr., im

277 1647 322 31 Ladenpreiſe 2 Thlr.

113 1678 1323 45 Band III. (der ganzen Folge 7. Band): „Peter Martyr Vermigli von C. Schmidt”

276 1711 1172 45 koſtet im Subſcriptionspreiſe nur 1 Thlr., im Ladenpreiſe 1 Thlr.

277 1753 106 30 15 Sgr.

108 1781 1336 48 Band IV. (der ganzen Folge 5. Band): „Heinrich Bullinger von C. Peſtalozzi”

266 1819 1180 44 koſtet im Subſcriptionspreiſe nur 1 Thlr. 20 Sgr., im Ladenpreiſe

267 1856 250 36 2 Thlr. 15 Sgr.

112 1890 1340 43 Band V. (der ganzen Folge 2. Band): „J. Oecolampad und O. Myconius von

274 1925 1176 43 K. R. Hagenbach” koſtet im Subſcriptionspreiſe nur 1 Thlr. 10 Sgr.

272 1962 389 36 im Ladenpreiſe 2 Thlr.

110 1996 1342 43 Band VI. (der ganzen Folge 3. Band): „Capito und Butzer von J. W. Baum koſtet

270 2027 1176 47 im Subſcriptionspreiſe nur 1 Thlr. 10 Sgr., im Ladenpreiſe 2 Thlr.

184 2064 1262 44 Man kann noch fortwährend auf das ganze Werk ſubſcribiren. — Einzeln iſt jeder

99 2099 903 53 Band um die Hälfte theurer, als im Subſcriptionspreis.

190 2138 1260 77 So ſei denn dieſes wichtige Unternehmen der kräftigſten Unterſtützung des kirchlichen

101 2200 1319 55 Publikums auch ferner vertrauensvoll empfohlen! Die Verlagshandlung von

1019 2250 309 77 R. L. Friderichs.

159 2312 515 121 Gedruckt bei Sam. Lucas in Elberfeld.
