1501 2586
749 108 72 49 64

193 156 1251 93 Allerdings ſind unter den 500 Liedern manche nur zum Leſen geeignet. Wenn

122 248 1318 55 wir nun damit vollkommen einverſtanden ſind, daß ein Geſangbuch auch ſolche Lieder

115 302 1334 54 enthalten müſſe, die nur geleſen werden können, weil das Geſangbuch eben auch

120 354 1323 55 das vornehmſte häusliche Andachtsbuch iſt, ſo können wir dagegen unſer Bedenken

122 409 1317 53 über die Länge mancher Lieder nicht unterdrücken, die doch nicht von dem Geſange

115 461 1335 54 in der Kirche ſollen ausgeſchloſſen ſein. Wann wird z. B. das treffliche Lied von

113 514 1330 54 B. Craſſelius „Heil’ger Jeſu, Heil’gungsquelle” geſungen werden können, da es

122 566 1322 55 99 Zeilen enthält, wann Paul Gerhard's „Ein Lämmlein geht”, da es 100

119 619 1328 55 Zeilen hat? Wir glauben, daß dieſe Lieder und viele Andere durch Kürzung ent⸗

129 671 401 56 ſchieden gewinnen würden.

199 725 1250 55 Schließlich ſprechen wir dem verehrten Herausgeber unſern Dank und unſere

115 779 1336 55 Freude darüber aus, daß er in ſo gründlicher und trefflicher Weiſe die deutſche

119 833 1323 55 Hymnologie über das Meer verpflanzt hat, und glauben, daß das Buch als An⸗

118 887 1026 54 dachtsbuch in weitern Kreiſen wird willkommen geheißen werden.

1038 938 329 71 Dr. J. Geffcken.

150 1008 1294 83 Friedrich Fabri: Die neueſten Erweckungen in Amerika, Irland und anderen

241 1090 933 54 Ländern. Barmen, Langewieſche, 1860. 62 Seiten.

197 1142 1250 56 Obwohl ſonſt keineswegs immer einverſtanden mit den Anſichten des Herrn

120 1195 1332 56 Miſſions⸗Inſpectors Fabri, können wir doch das vorliegende Büchlein Allen, denen

119 1249 1335 55 es um ein geſundes, nüchternes, chriſtliches Urtheil über die in Frage

117 1302 1332 56 ſtehenden Erſcheinungen zu thun iſt, nur empfehlen. Sowohl das, was über das

119 1354 1335 57 Gedankenloſe der Redensart „Gebet um allgemeine Ausgießung des heiligen Geiſtes

119 1409 1337 56 über alles Fleiſch” im Allgemeinen, als was über den wirklichen Charakter der

119 1463 1329 56 „Niederſchmetterungen”, „Erweckungen” u. ſ. w. insbeſondere geſagt wird, iſt uns

119 1516 1331 56 ganz aus dem Herzen geſchrieben. „Es hat hier offenbar eine gewaltſame Unter⸗

120 1571 1334 53 drückung des eigenen Willensvermögens ſtatt. So lange dies der Fall iſt, und

113 1623 1331 55 jene gewaltige, nervöſe Erregung nachzittert, kann ſicherlich von keiner eigent⸗

117 1675 1333 57 lichen Bekehrung die Rede ſein, denn die Bekehrung richtet ſich auf den freien,

113 1729 1343 57 innerſten Willenstrieb des Menſchen” (S. 71). Doch wir verweiſen unſere Leſer

119 1783 1331 57 auf das Büchlein ſelbſt und danken es dem Herrn Verfaſſer, daß er der herrſchenden

124 1836 1325 58 frommen Mode in dieſem Stücke als ein im nüchternen Glauben ſtehender Mann

117 1890 1336 57 in’s Angeſicht widerſprochen hat. Es verſteht ſich von ſelbſt, daß wir damit die

117 1943 1338 58 Bedeutung, welche den ſ. g Erweckungen als auffallende und beachtenswerthe

121 1994 1330 78 „Zeichen der Zeit” zukommen, keineswegs wollen in den Hintergrund geſtellt wiſſen.

459 2070 655 92 IV. Kirchliche Chronik.

206 2156 1251 58 Am Tage der Uebergabe von Ancona hat der Papſt im Conſiſtorium wieder

124 2207 1332 50 eine ſ. g. Allocution gehalten, worin er uns ſeine Lage beſchreibt. Das von den

122 2251 1336 48 Piemonteſen vernichtete Heer habe nicht aus „Söldlingen” beſtanden, vielmehr

120 2292 1338 50 habe er, als Oberhaupt der Kirche, eine große Anzahl von Ausländern, „die

118 2335 1340 51 von ihrem religiöſen Eifer ſich gedrungen fühlten, die Kirche zu vertheidigen,

122 2377 1334 43 mit offenen Armen aufgenommen;” eine Niederlage dieſes Heeres, habe man nicht
