1502 2586
775 87 54 55 22

140 131 1338 106 ſo räumt er doch offenbar der Neigung einen bedeutenden Antheil an der chriſt⸗

138 227 1337 63 lichen Tugendübung ein. Auch Schiller konnte sich durch jene kalte Pflichtenlehre

141 277 1336 66 nicht befriedigt fühlen, die, wie er in einem Xenion ſich ausdrückt, fordert mit

137 334 1330 61 Abſcheu zu thun, was die Pflicht uns gebeut. *) Seine „äſthetiſchen Briefe”

135 383 1336 68 haben die Aufgabe zu zeigen, wie die vollendete Tugend nicht darin beſteht,

135 439 1338 65 daß der Menſch dem Geſetze mit innerem Widerſtande ſich unterwirft, ſondern

133 493 1346 61 wie er der ſittlichen Aufgabe nur dann vollkommen genügt, wenn durch den

143 542 1322 65 Geiſt des Geſetzes der Widerſtand des natürlichen Willens innerlich überwun⸗

141 596 1340 65 den iſt und der Menſch die Forderungen des Geſetzes aus innerſter Ueberein⸗

147 645 1324 69 ſtimmung mit ihnen erfüllt, weil es, wie Chriſtus ſpricht, ſeine Speiſe, das

136 700 1333 66 eigenſte Bedürfniß ſeiner Natur iſt, den Willen Gottes zu erfüllen. Schön

143 749 1332 67 und bündig hat er den Grundgedanken der äſthetiſchen Briefe in den Verſen

133 812 210 45 ausgedrückt:

486 852 590 50 Nehmt die Gottheit auf in euren Willen,

487 897 555 51 Und ſie ſteigt von ihrem Weltenthron.

481 943 496 51 Des Geſetzes ſtrenge Feſſel bindet

485 988 580 53 Nur den Sclavenſinn, der es verſchmäht,

491 1033 587 56 Mit des Geiſtes Widerſtand verſchwindet,

489 1082 406 66 Auch der Gottheit Majeſtät.

225 1135 1244 90 Hier predigt unſer Dichter die ſelige Freiheit der Kinder Gottes

132 1210 1335 68 und das Evangelium der Liebe, die des Geſetzes Erfüllung iſt. Wer aber

142 1262 1333 70 ſo von der Liebe redet, in welcher der Menſch zu Gott ſich hinwenden ſoll, der

138 1312 1325 73 iſt auch nothwendig, und wenn er mit keinem ausdrücklichen Worte ihrer

136 1371 1337 67 gedächte, von jener Liebe nicht unberührt geblieben, mit welcher Gott zu den

141 1421 1328 71 Menſchen ſich herabneigt in Dem, der von ſich ſagen konnte: „Ich und der

137 1474 1336 70 Vater ſind Eins” und welcher allein der Menſchheit die Kraft jenes neuen, mit

143 1526 1318 71 Gott geeinigten, menſchlichen Lebens mitzutheilen vermag. Es iſt nicht voll⸗

135 1579 1330 71 kommen zutreffend, wenn man, wie es in der jüngſten Zeit öfter geſchehen iſt,

133 1633 1340 69 in Schiller nur einen neuen Moſes erkennt, der ſein Volk bis zu dem ihm ſelbſt

137 1685 1332 71 verſchloſſenen Eingange des gelobten Landes eines wiedererwachten chriſtlichen

137 1739 1334 71 Lebens geführt habe, vielmehr bethätigte er durch Wort und Wandel, daß er

143 1794 1318 69 ſelbſt ſchon von den erſten Regungen dieſes neuen Lebens ergriffen war; und

134 1850 1336 66 wenn er den Zuſammenhang der Gedanken und Beſtrebungen, welche ihn

143 1902 1318 67 bewegten und welche allein auf dem Boden des Chriſtenthums erwachſen konnten,

139 1957 1326 76 mit den geſchichtlichen Anfängen des Chriſtenthums und insbeſondere mit der

175 2019 716 94 *) Anm. Es gehören hierher folgende Xenien:

647 2106 328 65 Gewiſſensſcrupel.

313 2154 996 70 Gerne dien’ ich den Freunden, doch thu’ ich es leider mit Neigung.

377 2213 830 55 Und ſo wurmt es mir oft, daß ich nicht tugendhaft bin.

726 2265 166 52 Decisum.

304 2307 878 63 Da iſt kein anderer Rath, du mußt ſuchen, ſie zu verachten,

377 2359 818 48 Und mit Abſcheu dann thun, wie die Pflicht dir gebeut.
