1501 2586
762 108 56 53 60

200 146 1247 112 Zunächſt wäre es nun an der lutheriſchen Kirche des Königreichs Sachſen,

111 240 1336 71 dem Vorgange Preußens in Sachen der Kirchenverfaſſung zu folgen. Anfangs

109 294 1338 71 Juli wurde die große ſächſiſche Kirchenviſitation, die erſte ſeit Beginn des vorigen

116 349 1333 71 Jahrhunderts, vollendet. Kirchengemeinderäthe hatten die Viſitatoren freilich nirgends

107 403 1338 80 zu ſehen bekommen. — Wie dort ſcheinbar tiefe Ruhe, ſo herrſcht dagegen die lebhafteſte

210 469 831 84 3) unter Leitung des engeren und weiteren Ausſchuſſes:

323 540 1126 62 Die Bedeutung des alten Teſtamentes für die chriſtliche Erkenntniß und die

317 586 1120 59 chriſtliche Bildung überhaupt, eingeleitet durch Herrn Profeſſor Dr. Schlott⸗

318 639 257 47 mann aus Bonn.

209 669 1232 71 4) Begrüßungen und Mittheilungen der „Abgeordneten der verſchiedenen Kirchenge⸗

267 722 1063 64 meinſchaften und Vereine, welche ſich dem Kirchentage angeſchloſſen haben.

560 777 538 49 Mittwoch, den 12. September.

216 826 814 50 1) Unter Leitung des engeren und weiteren Ausſchuſſes:

315 864 1128 59 Die Stellung unſerer weltlichen Literatur zum Chriſtenthum und ihr Einfluß

313 911 1128 58 auf unſere Geſellſchaft, eingeleitet durch Herrn Prof. Dr. Lange aus Bonn.

209 956 914 59 2) Feier des Miſſionsfeſtes der Rheiniſchen Miſſionsgeſellſchaft.

543 1008 568 53 Donnerſtag, den 13. September.

310 1048 906 56 Unter Leitung des Central⸗Ausſchuſſes für die innere Miſſion:

208 1105 1231 49 4) Eröffnung des Congreſſes für innere Miſſion und Berichterſtattung des Präſidiums.

263 1146 609 40 Herr Ober⸗Conſiſtorialrath Dr. Wichern.

203 1201 1230 47 2 Die Sammlung und geiſtliche Pflege der lebendigen Glieder der Gemeinde in ihrer

257 1236 1180 56 Bedeutung für das Werk der innern Miſſion, eingeleitet durch Herrn Conſiſtorial⸗

262 1284 351 47 rath Carus aus Poſen.

198 1332 815 50 3) Erſte Berichterſtattung aus den Spezial⸗Conferenzen.

203 1381 1228 52 4) Fortſetzung der Begrüßungen und Mittheilungen der Abgeordneten der verſchie⸗

256 1421 1174 56 denen Kirchengemeinſchaften, Vereine und Anſtalten, welche ſich dem Kirchentage

254 1472 264 47 angeſchloſſen haben.

562 1512 518 58 Freitag, den 14. September.

309 1560 903 52 Unter Leitung des Central⸗Ausſchuſſes für die innere Miſſion:

203 1612 1220 50 1) Die Erziehung des weiblichen Geſchlechts in den arbeitenden Ständen mit beſon⸗

253 1650 1170 59 derer Rückſicht auf die desfallſigen ſittlichen Aufgaben für die Fabrikbevölkerung,

251 1696 868 57 eingeleitet durch Herrn Ober⸗Conſiſtorialrath Dr. Wichern.

197 1752 1238 50 2 Fortſetzung der Begrüßungen und Mittheilungen der verſchiedenen Kirchengemein⸗

248 1793 1182 53 ſchaften, Vereine und Anſtalten, welche ſich dem Kirchentage angeſchloſſen haben.

197 1847 836 47 3) Zweite Berichterſtattung aus den Spezial⸗Conferenzen.

255 1885 1172 56 Außerdem hat der Central⸗Ausſchuß für die innere Miſſion über folgende Gegen⸗

202 1934 1222 53 ſtände Spezial⸗Conferenzen, die zum Theil in näherer Verbindung mit den Haupt⸗

196 1981 1230 53 thematen des 3. und 4. Tages ſtehen werden, veranlaßt. Dieſelben werden vom

196 2027 1232 52 11. —14. September in erſt ſpäter zu beſtimmenden Früh⸗ und Nachmittagsſtunden

195 2075 147 47 ſtattfinden.

192 2111 1236 63 1) Ueber Erziehungsvereine und Rettungsanſtalten und deren Verhältniß

236 2164 1186 55 zu einander, unter Leitung des Herrn Paſtors Bräm aus Neukirchen und Direc—

240 2215 438 47 tors Georgi aus Düſſelthal.

184 2255 1240 56 2) Ueber die Pflege und Erziehung blödſinniger Kinder, unter Leitung

240 2302 575 55 des Herrn Paſtors Balke aus Rheydt.

189 2346 1232 59 3) Ueber die Aufgaben der Schriften⸗Vereine und der Bücher⸗Colportage,

241 2392 753 49 unter Leitung des Herrn Prof. Krafft aus Bonn.
