1501 2610
780 79 46 51 14

120 123 1351 103 liche Miſſion des Staates keine Anerkennung finden werde: das ließ ſich

128 216 1339 64 ohne beſonderen Scharfſinn vorausſehen. Uebrigens war die großherzogliche

124 269 1349 64 Regierung keineswegs geſonnen, vor dem angedrohten Widerſtande ſich zu

129 323 1342 63 beugen. Die Antwort, welche dieſelbe den Suffraganbiſchöfen unter dem 2l.

127 378 1344 60 April zu Theil werden ließ, war eben ſo würdig als kräftig, und enthielt

130 430 1348 62 u. A. die Worte: „Se. königl. Hoheit der Regent - werden wahrzunehmen

129 481 1346 65 wiſſen, wenn das angelündigte Entgegentreten von Ew. Excellenz in einer

123 535 1348 64 die Landesgeſetze verletzenden Weiſe in Ausführung gebracht werden

125 587 1348 65 wollte. In einem ſolchen Fall werden Se. königl. Hoh. . . . die Geſetze

130 638 1341 67 und die Verfaſſung des Staates mit der Ihnen von Gott verliehenen

121 691 1342 67 Gewalt gegen jeden Eingriff ſchützen und Denjenigen für die Folgen verant⸗

126 743 1341 67 wortlich machen, der, indem er ein vermeintliches Recht geltend machen

127 796 1344 68 will, in anerkannter Wirkſamkeit beſtehende Geſetze verletzt.” Als

119 848 1352 69 ob der römiſche Stuhl ſelbſt die Staatsregierungen hätte darauf aufmerkſam

131 901 1336 70 machen wollen, wie gefahrbringend es für ihre Autorität iſt, wenn ſie ſich des

125 955 1344 70 Placets begeben, ſo veröffentlichte gleichzeitig mit dem Proteſte des Episcopates

123 1009 1338 69 gegen die oberrheiniſchen Staatsgewalten der durch den Trierer heiligen Rock

130 1062 1339 69 in Ruf gekommene Biſchof Arnoldi ein päpſtliches Breve, wornach von

128 1115 1334 71 jetzt an ausſchließlich nur der römiſche Stuhl Dispenſation von dem Ehehin⸗

121 1169 1344 71 derniſſe der gemiſchten Ehen ſollte ertheilen koͤnnen. Unter dem 18. Juni aber

123 1222 1338 68 erließ das oberrheiniſche Episcopat eine neue Denkſchrift, welche als offenes

121 1282 790 57 Kriegsmanifeſt betrachtet werden mußte. *)

201 1316 1258 85 Eine kurze Charakteriſtik dieſer Denkſchrift gehört um ſo mehr hierher,

121 1380 1340 73 als ſie die Stellung, welche die römiſch⸗katholiſche Kirche bei der gegenwärtigen

117 1436 1348 70 rückläufigen Stromung gegenüber dem Staate, namentlich auch bei dem Ab⸗

127 1483 1330 72 schluſſe von kirchlichen Verträgen mit demſelben einnimmt, vollkommen deutlich

115 1555 192 44 kennzeichnet.

207 1578 1248 89 Der Episkopat ſucht ſich zunächſt wegen ſeines Ungehorſams gegen die

119 1645 1348 75 Staatsgeſetze und Staatsverfügungen zu rechtfertigen. Er erklärt in dieſem

119 1700 1340 74 Betreffe, daß er durch den Gehorſam gegen Gott zu ſeinem Widerſtande

109 1755 1342 73 gegenüber dem Staate verpflichtet ſei. Die katholiſche Kirche „exiſtirt nach ſei⸗

117 1811 1340 70 ner Meinung in den Ländern der oberrheiniſchen Kirchenprovinz mit unbe⸗

109 1865 1346 70 dingtem (!) Rechtsanſpruche auf ſelbſtſtändige Exiſtenz und ungeſtörte Wirk⸗

115 1918 1344 70 ſamkeit, ſie verlangt, daß die volle Selbſtſtändigkeit ihrer Lehre, ihres Cultus,

117 1972 1330 70 ihrer Disciplin, ihrer Verfaſſung und ihres Kirchenregiments reſpectirt werde.”

107 2026 1346 69 Dieſe „Freiheit” unbedingter (!) Rechtsanſprüche iſt ſie befugt,

107 2080 1348 69 ungeſchmälert in Beſitz zu nehmen, und daher die Aufhebung von

119 2134 1338 87 Verordnungen und Vorſchriften der Regierungen zu fordern, welche ihre Wirk⸗

171 2204 1284 113 *) Sie war unterzeichnet von Hermann, Erzbiſchof von Freiburg, Peter Joſeph, Biſchof

215 2303 1240 60 von Limburg, Joſeph, Biſchof von Rottenburg, Chriſtoph Florentinus, Biſchof von

212 2349 692 48 Fulda, Wilhelm Emanuel, Biſchof von Mainz.
