1501 2586
760 128 46 51 46

117 169 1323 105 allerdings ſehr vermehrt, allein der Noth der hülfloſen Chriſten auch weit umfaſſender

113 269 629 56 unter Gottes Segen abgeholfen werden.

111 313 1334 67 Da wenden wir uns denn mit dem alten Vertrauen an die alte Liebe der

107 372 1332 62 vielen Wohlthäter, welche unſrer Pfleglinge ſich ſo oft ſchon erbarmt, und an alle

113 425 1330 63 chriſtlichen Menſchenfreunde, und bitten im Namen des Vaters der Waiſen und

111 480 1324 61 Wittwen, uns zu Hülfe zu kommen mit Fürbitte und irdiſchen Gaben, mit Geld

112 533 1330 62 und Stoffen zu Betten und Kleidung. Wir hoffen dieſse Kinder des Morgenlandes

111 584 1326 65 vorzugsweiſe zur Förderung des Reichs Gottes im Morgenlande zu erziehen, was

114 639 885 63 unſere Anſtalten im Orient uns ſehr erleichtern werden.

198 691 1245 65 Der in ſeinem heil. Worte ermahnt: „Helfet dem Unterdrückten, ſchaffet dem

111 744 1328 65 Waiſen Recht, helfet der Wittwen Sache!” (Jeſ. 1, 17.), der es „einen reinen und

105 797 1334 66 unbefleckten Gottesdienſt vor Gott, dem Vater, nennt, die Waiſen und Wittwen in

102 850 1338 66 ihrer Trübſal beſuchen,” (Jac. 1, 27.), der da verheißt: „Wer ein ſolches Kind

106 905 1340 65 aufnimmt in meinem Namen, der nimmt mich auf,” (Matth. 18, 5.), der wird auch

113 958 1328 63 Euch, Ihr Lieben, mit ſeinem reichen Gnadenlohn dafür ſegnen, Euch und Eure

108 1019 144 49 Kinder*).

193 1058 899 72 Kaiſerswerth am Rhein, den 20. September 1860.

319 1120 1046 78 Die Direktion der Diakoniſſen⸗Anſtalt Dr. Fliedner, Pfarrer.

161 1197 1276 99 *) Liebesgaben zu dieſem Zweck können unter der nur in Preußen portofreien Rubrik:

216 1287 1221 55 „Angelegenheiten des Rheiniſch⸗Weſtphäliſchen Diakoniſſen⸗Ver⸗

215 1332 1216 56 eins,” und mit der Adreſſe: „An die Direktion der Diakoniſſen⸗Anſtalt

203 1378 1229 56 zu Kaiſerswerth,” (ohne Nennung des Namens eines Direktions⸗Gliedes), uns

208 1424 1232 56 überſandt werden. Einfache Briefe ſind unter Kreuzband zu ſenden, Geldbriefe mit

209 1470 1222 57 fünf Siegeln verſchloſſen. Portofreie Pakete müſſen unter 20 Pfd. wiegen. Sowohl

206 1516 1232 57 die Redaktion der „Allg. kirchl. Zeitſchrift” in Heidelberg als die Verlagshand⸗

203 1564 1226 54 lung von R. L. Friderichs in Elberfeld erklären ſich mit Vergnügen zur Entgegen⸗

206 1605 853 54 nahme von Liebesgaben zu dem angegebenen Zwecke bereit.

277 1700 983 108 III. Literariſche Ueberſichten und Anzeigen.

132 1799 1299 66 Dr. G. Weber. Allgemeine Weltgeſchichte, mit beſonderer Berückſichtigung

218 1856 1214 64 des Geiſtes⸗ und Culturlebens der Völker und mit Benutzung der neueren

225 1911 1210 63 geſchichtlichen Forſchungen für die gebildeten Stände bearbeitet. Leipzig,

211 1964 1220 63 Engelmann, Bd. I.: Geſchichte des Morgenlandes, 1857. S. 788.

224 2018 1204 63 Bd. II.: Geſchichte des Helleniſchen Volkes, 1859. S. 890. Bd. III.:

220 2071 1204 61 Geſchichte der alexandriniſch⸗helleniſchen Welt und der römiſchen Republik,

216 2159 508 30 1860. Erſte Hälfte, S. 400.

172 2180 1258 73 Ueber den Verfaſſer und ſeinen ſchriftſtelleriſchen Ruf und Beruf brauchen wir

92 2242 1334 65 den Leſern dieſer Zeitſchrift keine ausführliche Meldung zu thun. Der wiſſenſchaft⸗

92 2294 1342 67 lichen Welt iſt er längſt bekannt durch ſeine „Geſchichte des Calvinismus bis zur

96 2348 1336 67 Aufhebung des Edicts von Nantes,” ſowie durch ſeine „Geſchichte der akatholiſchen

86 2402 1346 54 Kirchen und Secten Englands”. In noch viel weiteren Kreiſen aber iſt ſein Name
