1497 2610
547 205 321 73 l. Aufſätze.

25 244 1356 159 Der deutſche Staat, das römiſche Kirchenthum

165 383 1068 114 und der evangeliſche Proteſtantismus.

676 487 48 50 1.

543 487 304 122 Ein Rückblick.

105 584 1262 93 Es iſt eine doppelte Anforderung, welche gegenwärtig an die evangeliſch⸗

27 646 1344 87 proteſtantiſche Kirche Deutſchlands ergeht. Sie ſoll auf der einen Seite an

21 701 1350 85 ihren eignen innern Aufbau denken; ſie hat auf der andern ſich ihrer äußeren

29 757 1334 80 Unabhängigkeit und Selbſtſtändigkeit zu erwehren; daß ſie das Eine thue und

23 814 1028 72 das Andere nicht laſſe, das iſt ihre ernſte zwiefache Pflicht.

93 862 1270 82 Die Stellung der deutſchen Proteſtanten zum römiſchen Katholicismus iſt

15 912 1344 87 unzweifelhaft ſeit den letzten zehn Jahren eine weſentlich andere geworden. Vor

23 970 1338 81 dem Jahr 1848 übte die Staatsgewalt über die katholiſche wie über die prote⸗

27 1022 1324 82 ſtantiſche Kirche ein faſt unumſchränktes Aufſichtsrecht aus. Die joſephiniſchen

25 1076 1328 79 Grundſätze waren in den kirchlichen Geſetzgebungen allmälig herrſchend gewor⸗

15 1127 1340 83 den. Der Staat miſchte ſich zwar nicht in die katholiſche Glaubenslehre und

19 1179 1338 85 in die innern Verhältniſſe des katholiſchen Cultus ein; aber er betrachtete die

17 1235 1338 82 katholiſche Kirche in ihren hierarchiſchen Inſtitutionen als einen Staat im

23 1287 1328 84 Staate, welchen den allgemeinen Staatsgeſetzen unterzuordnen, er für

27 1343 1330 80 ſeiner Würde und der Billigkeit angemeſſen gehalten hatte. In gewiſſer Hin⸗

21 1397 1330 79 ſicht, nämlich in Betreff der kirchlichen Verfaſſungsgrundſätze, war allerdings

23 1444 1328 87 Joſeph II. proteſtantiſch geſinnt. Er unterwarf die päpſtlichen Bullen

11 1498 1328 87 und Breven, die kirchlichen Geſetze und Verordnungen, vor ihrer Veröffent⸗

7 1550 1334 89 lichung in ſeinem Reichsgebiete der landesherrlichen Genehmigung; das

13 1605 1330 87 päpſtliche Eherecht hob er innerhalb ſeiner Gerichtsbarkeit auf; den Appellationen

5 1659 1338 85 nach Rom, die ſo viel deutſches Gold nach dem Vatican entführten, machte er

5 1713 1344 81 nebſt den ſogenannten Papſtmonaten ein Ende; Seminarien und geiſtliche Col⸗

9 1765 1330 81 legien ſtellte er unter ſeine Aufſicht; er zog überhaupt der Kirchengewalt, ſo

7 1821 1327 76 weit ſie in das öffentliche Recht eingriff, die förmlichſten Schranken. Es iſt

7 1867 1334 86 jedoch nicht richtig, wenn man behauptet, die joſephiniſchen Verordnungen ſeien

0 1920 1343 86 der Religion ſelbſt zu nahe getreten. Sie gingen umgekehrt von der allein

5 1971 1326 90 ſchriftgemäßen Vorſtellung in Betreff der Religion aus. Da nämlich die

7 2026 1328 89 Religion nichts Auswendiges iſt, ſo kann ſie auch nicht in der äußeren Macht

7 2077 1330 93 und dem irdiſchen Glanze des Kirchenthums beſtehen; je mächtiger die Kirche

3 2130 1330 94 nach außen, deſto ohnmächtiger iſt in der Regel die Religion

7 2183 1328 95 nach innen. Joſeph II. hatte ein frommes und ein deutſches Herz. Der

9 2235 1328 98 Gedanke einer deutſchen katholiſchen Nationalkirche erfüllte ſeine Seele mit ſtiller

5 2287 1330 100 Freude. Deshalb erſchien ihm auch der Gebrauch der lateiniſchen Sprache

0 2337 1339 96 beim Gottesdienſte als eine Unſitte und er führte deutſche Geſänge ein. Die

105 2424 118 29 1860. II.

976 2431 83 52 1
