1501 2586
753 110 68 55 34

126 145 1326 117 haben würden. Verdankt die wahrhaft freie, chriſtliche Wiſſenſchaft ſchon dem

132 244 1322 71 alten Rationalismus nicht wenig — und das kann nur barer Unverſtand oder

124 294 1325 76 grobe Unwiſſenheit leugnen — ſo ſind wir den zahlreichen neueren Gelehrten,

120 352 1336 69 die der oben bezeichneten Richtung huldigen, trotz ihrer ſchweren Irrthümer

128 402 1332 72 den größten Dank ſchuldig; und wer alle dieſe ernſt ſtrebenden Männer als

124 467 1076 59 Feinde der Wahrheit verdächtigt, ſchändet damit nur ſich ſelber.

208 507 1250 72 Es gibt aber auch, wie den Anhängern des abgeblaßten Inſpirations⸗

120 563 1330 68 begriffs bekannt ſein muß, eine offenbarungsgläubige Kritik, die in ſehr vielen

128 617 1318 65 Stücken mit rein geſchichtlichen Gründen der kirchlichen Ueberlieferung entgegen⸗

120 667 1326 69 tritt, und gegen welche der Vorwurf, die nicht orthodoxe altteſtamentliche

114 723 1342 63 Kritik leugne das Wunder und die Weiſſagung, gar nicht verfängt, weil er

120 774 1334 66 hier eine offenbare Lüge ſein würde. Zu den Kritikern dieſer Art gehörte z. B.

122 828 1328 65 der ſelige Bleek, deſſen freilich ſehr großer Unterſchied von den Orthodoxen,

116 879 1336 67 die ſich am Ende Alle die ſchönen Worte von Delitzſch über die wahrhaft

118 935 1334 64 freie Kritik aneignen werden, doch nur darin beſtand, daß er es nicht bei guten

122 985 1334 68 Vorſätzen und Worten bewenden ließ, ſondern auch in evangeliſchem Geiſte

116 1041 1332 65 wirklich eine freie und doch ehrfürchtige Kritik ausübte. Wie unverantwortlich

112 1097 1334 62 iſt es nun, daß Keil noch in der zweiten Auflage ſeiner Einleitung (§. 224)

121 1148 1333 64 blos zwei Richtungen der Neuzeit und Gegenwart kennt: einmal die „ratio⸗

116 1199 1336 66 naliſtiſche, die in den letzten Jahrzehnten eine wiſſenſchaftlich gründlichere

120 1255 1332 63 Haltung gewonnen und, freilich ohne den Geiſt der göttlichen Offenbarung zu

116 1305 1338 66 verſtehen, die philologiſche und kritiſche Seite der Auslegung vielfach gefördert

115 1360 1331 64 habe”, und dann die glaubensvolle, von Hengſtenbergs Chriſtologie

121 1412 1327 65 an datirende Richtung, über die nun das Füllhorn des Lobes ausgeſchüttet

122 1465 1322 65 wird. *) Wer mit dem Sachverhalt einigermaßen vertraut iſt, wird die in

124 1518 1324 85 obiger Zweitheilung liegende Unwahrhaftigkeit leicht durchſchauen. **) Einen

174 1592 1280 107 *) Es iſt anzuerkennen, daß Keil, auf Bertheau’s Rüge hin, ſeinen eigenen Namen

226 1684 1226 62 jetzt unter den Geprieſenen nicht mehr bringt; aber was ſoll man dazu ſagen, daß in

228 1733 1216 59 der 2. Auflage plötzlich auch Baumgarten in der Zahl der Vorbilder nicht mehr

228 1791 124 46 erſcheint?

157 1838 1283 58 **) So ſpricht Keil von Hupfelds Pſalmen⸗Commentar, unſtreitig einer der bedeu⸗

224 1880 1218 63 tendſten neueren Leiſtungen auf dem altteſtamentlichen Gebiete, hier mit keiner Silbe;

228 1924 1220 65 ſonſt hätte er vielleicht mit Delitzſch geſtehen müſſen: „Hupfelds Werk enthält

220 1970 1232 65 manche anregende bibliſch⸗theologiſche Erörterungen, und in Behandlung des

220 2018 1222 62 lexikaliſchen und grammatiſchen Auslegungsſtoffes läßt es alle Vorgänger” (alſo auch

220 2062 1222 65 die Arbeit von Hengſtenberg, auf die Hengſtenberg nach ſeinen eigenen Worten

219 2109 1213 65 „noch in der Ewigkeit mit Freude zurückzuſehen hofft”) „weit hinter ſich zurück.”

218 2155 1226 64 Wie ſonderbar mußte es ferner dem ſeligen Umbreit vorkommen, daß er hier trotz

224 2198 1220 67 ſeiner bekannten freieren Richtung von Keil gnädigſt der zweiten Klaſſe zugetheilt

220 2245 1220 66 iſt, während Stier in der Polyglotte es nöthig findet, vor Umbreit zu warnen;

212 2292 1232 64 und damit nun dem Ganzen die Krone aufgeſetzt würde, mußte es Keil begegnen,

216 2336 1232 66 daß er denſelben Stier, der doch ſo wenig mit ihm übereinzuſtimmen ſcheint, eben⸗

213 2397 952 41 falls, unter den Männern der geprieſenen zweiten Klaſſe aufführt!
