1497 2586
663 89 56 57 63

31 142 1334 99 Nachrichten dieſer Zeitſchrift bisher Vielen ein zu grelles Licht auf die Bobenloſigkeit

31 236 1336 59 mancher Zuſtände innerhalb der Chriſtenheit zu werfen ſchienen, ſo wiſſen wir ſelbſt

29 290 1330 59 am Beſten, daß wir hier immer nur kleine Anhaltspunkte geben können zur

32 343 1330 59 religlöſen Beurtheilung des großen chroniſchen Uebels, an welchem das

31 396 1336 59 Geſchlecht unter dem Mond ſeit Jahrtauſenden hinwelkt, nicht minder aber auch zur

34 448 1331 61 Würdigung der verſchiedenartigen, dagegen aufgebotenen, Heilmittel. Daß unter

35 503 1324 59 dieſen letzteren der lebendige Geiſt Chriſti das allein ausreichende iſt,

39 555 1324 61 darüber ſind wir mit faſt allen unſeren Gegnern einverſtanden; wo aber der Geiſt

37 611 1324 59 Chriſti ſei, dieſe Frage iſt unter uns noch lange nicht in gleicher Weiſe entſchieden.

30 667 1334 88 Der Apoſtel ſeinerſeits ſagt: Wo der Geiſt des Herrn iſt, da iſt Freiheit.

466 753 456 130 Druckberichtigungen

343 880 705 60 im 6. Heft der „Allg. kirchl. Zeitſchrift”.

100 937 989 58 S. 6, Z. 19 v. oben muß es heißen: undenkbar ſtatt undankbar.

99 990 809 54 S. 8, Z. 7 „ unten „ „ „ meiſt ſtatt einſt.

99 1036 785 141 S. 9, Z. 17 „ oben „ „ „ nach ſtatt von.

93 1175 614 269 In den nächſten Tagen wird ausgegeben:

349 1441 709 113 Capito und Butzer,

123 1546 1161 131 Straßburgs Reformatoren.

296 1673 799 138 Nach ihrem handſchriftlichen Briefſchatze,

481 1804 456 85 ihren gedruckten Schriften

398 1883 590 82 und anderen gleichzeitigen Quellen

630 1961 146 62 dargeſtellt

684 2066 52 11 von

383 2105 633 34 Johann Wilhelm Baum,

184 2132 1039 63 Profeſſor am proteſt. Seminar und Prediger an der Kirche St. Thomä in Straßburg.

439 2190 538 95 40 Druckb. gr. 8⁰. Preis: 2 Thlr.

111 2278 1270 87 Dieſes neue Werk des berühmten Herrn Verfaſſers zeichnet ſich ebenſo ſehr aus durch

45 2348 1248 53 ſeine hohe kirchengeſchichtliche Bedeutung, als durch die elegante Art der Darſtellung.

109 2391 853 38 Daſſelbe bildet den III. Band des großen Geſammtwerkes:
