1501 2610
779 90 58 56 60

211 136 1256 107 Vor Allem muß daher dieſes Buch wieder allgemeiner und

137 235 1321 61 genauer nicht blos von Theologen, ſondern namentlich von „Laien”

136 288 1335 61 gekannt ſein. Dazu thut aber eine neue Ueberſetzung Noth, da bei allen Vor⸗

131 342 1336 60 zügen der Luther’ſchen doch längere Partien, beſonders im A. T., durch ſie

137 392 1334 64 weniger genießbar gemacht werden. Es hat dieſem Bedürfniſſe in letzter Zeit

133 447 1334 60 bekanntlich in umfaſſendſter Weiſe Bunſen gerecht zu werden unternommen. Wir

127 497 1344 64 wiſſen nicht zum Voraus, ob wir in der Lage ſein werden, mit allen kritiſchen

125 550 1348 64 Reſultaten, die dieſes Werk noch bringen wird, mit allen Zurechtlegungen der alt⸗

133 602 1334 66 und neuteſtamentlichen Geſchichte, die noch folgen werden, übereinzuſtimmen. Aber

127 655 1342 67 das wiſſen wir um ſo ſicherer, daß die Ueberſetzung vortrefflich und ein Werk

131 708 1340 68 des mühevollſten und aufopferndſten Fleißes iſt. Wir haben hier einen bibliſchen

139 762 1326 68 Text, der nicht unnöthiger Weiſe und nirgends zu weit von dem Luther’ſchen

137 814 1332 70 ſich entfernt, der dabei aber bei aller Wörtlichkeit und Genauigkeit des Ausdrucks

131 868 1338 70 doch überall durch geſchmackvolle Sprache den gerechten Anforderungen der Zeit

131 920 1334 71 entgegenkommt. Es ſind uns die mannigfachen Ausſtellungen und Anfeindungen,

134 973 1329 71 die das Werk erfahren hat, nicht unbekannt geblieben. Sie gehen faſt ſämmtlich

134 1025 1327 73 von Partei⸗Intereſſen aus und ſind ohne Verſtändniſſe für das dringende Bedürf⸗

133 1079 1332 72 niß der Gemeinden, ohne Anerkennung für den entſchloſſenen Muth der Arbeiter,

132 1132 1337 72 ohne unbefangene Abwägung der Schwierigkeiten auf der einen, der wirklich erreichten

128 1186 1337 72 Reſultate auf der andern Seite. Es ſcheint uns zum mindeſten in dem Bunſen’⸗

137 1239 1330 72 ſchen Texte eine ſichere Grundlage für eine Gemeindeausgabe gewonnen.

127 1291 1336 74 Ueberhaupt aber wollte ſich uns die Bemerkung aufdrängen, als ſeien die geſchwo⸗

131 1343 1338 76 renen Feinde des Werkes in der Regel Leute, bei denen die wiſſenſchaftliche und

135 1396 1328 72 die künſtleriſche Unfähigkeit, ein Aehnliches zu wagen, ſich vereinigt haben dürfte, um

127 1460 668 55 ihnen überhaupt ein Urtheil zu verbieten.

219 1496 1244 81 Sicher alſo ſind es ächt zeitgemäße Aufgaben, die Kenntniß der Bibel im

127 1556 1338 75 Großen und Ganzen zu fördern, und ihre Bedeutung als oberſte Glaubensregel

123 1609 1332 76 auf einen richtigen Ausdruck zu bringen. Was das Letztere namentlich angeht, ſo

129 1663 1340 75 können wir den noch nicht vollendeten Aufſatz von Rothe, womit die „Studien

131 1719 1330 73 und Kritiken” den Jahrgang 1860 eröffnen, zum Beleg anführen. Bevor übri⸗

133 1773 1334 72 gens dieſe Aufgabe zu einem Abſchluſſe gelangen kann, muß die Erforſchung des

135 1827 1332 72 Einzelnen in der Schrift noch manchen bedeutenden Schritt vorwärts thun. Statt

129 1881 1332 71 über Himmel und Erde, über Engel und Teufel, über die halbſichtbaren und

135 1936 1330 70 gänzlich unſichtbaren Partien der überirdiſchen Welt ſehr zweifelhafte Theorien auf⸗

131 1990 1332 69 zuſtellen, laſſe man ſich doch lieber die Mühe nicht verdrießen, die einzelnen Bücher

128 2043 1336 70 der Schrift nach der Reihe unter das Mikroſkop zu bringen und ſie einer ſo ſorg⸗

131 2097 1332 70 fältigen Unterſuchung zu unterwerfen, wie dies in dieſem Jahre durch Riehm’s

131 2150 1332 70 Buch über den Lehrgehalt des Hebräerbriefs geſchehen iſt. Zuerſt muß man genau

133 2205 1334 68 wiſſen, was in einem Buche ſteht. Erſt dann kann man über Verfaſſer, Abfaſ⸗

131 2256 1332 72 ſungsverhältniſſe u. dgl. ein fruchtbringendes Wort reden. Wie viel aber hat auch

125 2310 1334 72 hier, ſelbſt auf neuteſtamentlichem Gebiet, noch mehr aber auf altteſtamentlichem,

125 2364 1338 71 unſere theologiſche Forſchung im Zweifel gelaſſen! Wie manche Theile des paulini⸗
