1502 2610
790 73 54 63 18

133 130 1353 103 und Ruhm ſo reich, hat wohl eine Zeitlang frivolen Spott mit der Kirche

136 226 1337 61 getrieben, dann mit rohem Fanatismus gegen alle Religion gewüthet, und

127 281 1360 57 endlich dem römiſchen Syſteme mit allen ſeinen Irrthümern und Mängeln

128 331 1354 60 ohne alle Reform wieder Thür und Thor geöffnet. Nur in Deutſchland ſind

167 384 1314 60 — mit einigen wenigen Ausnahmen — in der Regel die religiöſen Fragen

137 437 1342 60 mit würdigem Anſtande und entſprechendem Ernſte behandelt worden, und auch

138 489 1336 61 da, wo die herkömmlichen Ueberzeugungen bekämpft, wo leider der Kern des

132 541 1345 62 Chriſtenthums ſelbſt in Frage geſtellt wurde, haben die Deutſchen wenigſtens

127 596 1346 61 den Weg ſtrenger und mühevoller wiſſenſchaftlicher Unterſuchung nicht verlaſſen.

222 644 1251 66 Aber Das iſt es ja eben, was man uns vorwirft, was viele fromme

130 698 1345 65 Chriſten in unſerm Vaterlande ſo tief beklagen, daß die ſchrankenloſe Forſchung

128 752 1345 63 unvermeidlich den Irrthum erzengt, daß die Wahrheit, die man zu ergründen

130 805 1349 64 vorgiebt, ſich dem Forſcher oft gerade verbirgt, daß kein feſtes kirchliches Her⸗

130 857 1347 67 kommen, keine unerſchütterliche, ja faſt keine unerſchütterte Ueberzeugung mehr

125 912 1348 66 beſtehen kann, wo die Wiſſenſchaft den ganzen Kreis der kirchlichen Lehren und

129 967 1344 64 Einrichtungen zu einem Gegenſtande ihrer ruheloſen Arbeit gemacht hat und

129 1022 1350 60 immerfort auf’s Neue wieder macht. Es iſt ja gerade die Frage: ob der freien

132 1072 1347 64 Forſchung — wenigſtens unter den Lehrern und Dienern der Kirche — nicht

130 1126 1343 66 größere Schranken gezogen, ob die Kirche nicht vor den Ausſchreitungen der

129 1173 1330 71 Wiſſenſchaft beſſer geſchützt werden ſollte?

207 1258 1278 39 Der Kern dieſer Frage läßt ſich ganz einfach auch ſo ausdrücken: kann

130 1281 1343 69 das deutſche Volk ſeinen religiöſen Beruf, die Wahrheit zu erforſchen, in

124 1334 1345 67 Wirklichkeit erfüllen ohne Freiheit der Forſchung? Die Antwort hier⸗

126 1386 1345 69 auf lautet: Ohne Freiheit keine Wahrheit, vor Allem die Wahrheit nicht, die

130 1438 1346 71 die Reformatoren uns erkämpft, für die ſie alles Andere hingegeben haben.

133 1492 1348 71 Was iſt Wahrheit? hat einſt Pilatus zu dem geſagt, der darauf erwidern

126 1546 1346 70 konnte: „Ich bin die Wahrheit.” Wie merkwürdig aber, daß Chriſtus die

130 1598 1347 72 Wahrheit nicht als einen Lehrſatz ausgeſprochen, nicht unter die Formel eines

129 1651 1338 75 Begriffes oder einer Vorſtellung gebracht hat. Sie iſt eben Leben, per⸗

137 1701 1312 81 ſönliches Leben. Der Dichter hat Necht, wenn er ſagt:

367 1768 865 45 Wenn ihr’s nicht fühlt, ihr werdet’s nicht erjagen,

364 1820 640 57 Wenn es nicht aus der Seele dringt,

365 1871 510 44 Und mit urkräftigem Behagen

362 1926 654 61 Die Herzen aller Hörer zwingt. . . .

360 1981 665 57 Ja, eure Reden, die ſo blinkend ſind,

360 2033 819 63 In denen ihr der Menſchheit Schnitzel kräuſelt,

361 2089 661 58 Sind unerquicklich wie der Nebelwind,

357 2135 818 71 Der herbſtlich durch die dürren Blätter ſäuſelt.

209 2191 1264 72 Und tiefer und kürzer noch ſagt es die heilige Schrift: „Das Reich Gottes

121 2241 1352 77 ſtehet nicht in Worten, ſondern in Kraft” (1. Cor. 4, 20). Die

123 2299 1352 69 religiöſe, die höchſte Wahrheit, der Wahrheitsmittelpunkt, hat eben darum

132 2352 1345 58 Perſon werden und in der vollendeten Erſcheinung des Gottmen⸗
