1497 2586
688 68 55 59 33

49 112 1336 113 milden Beurtheilung mahnen, immer kleinlauter werden. Wenn Hebich die⸗

47 211 1330 66 jenigen, deren Chriſtenthum nicht lauter iſt „Heiden” nannte, ſo war das

51 264 1324 65 nicht richtig. Wir wollen nicht davon reden, daß die Taufe ein unveräußer⸗

55 315 1324 68 liches Anrecht auf den Chriſtennamen verleiht; aber auch ſonſt ſoll der Pre⸗

53 367 1327 69 diger des Evangeliums nicht vergeſſen, daß er deſſen Wort verkündigt, von

55 420 1325 68 dem der Geiſt der Weiſſagung ſpricht: „Er wird nicht ſchreien, noch rufen,

47 472 1334 70 und ſeine Stimme wird man nicht hören auf den Gaſſen, das zerſtoßene Rohr

53 526 1318 70 wird er nicht zerbrechen und das glimmende Tocht wird er nicht auslöſchen.”

51 582 1332 68 (Jeſ. 42, 22.) Er ſoll auch nicht unberückſichtigt laſſen, daß die göttliche

53 632 1326 71 Wahrheit der menſchlichen Vermittelung mit dem Menſchenherzen bedarf, daß

59 686 1318 70 ſie es an irgend einem Punkte anfaſſen muß, wo es noch zu faſſen iſt; und

47 738 1332 72 ein allzu ſcharfes Richten und Verwerfen auch da, wo doch vielleicht ein ver⸗

55 790 1322 74 borgener Zug des Vaters zum Sohne iſt, kann es nicht dazu führen, daß

53 841 1334 76 verderbt wird, worin noch ein Segen war? Wir wollen nicht davon reden, daß

53 895 1330 74 unſere neuere Theologie in ernſter Arbeit nach einem neuen Ausdruck ringt, um

51 949 1332 72 die alte Wahrheit mit friſcher Kraft dem Verſtändniſſe unſerer Zeitgenoſſen aufzu⸗

51 1005 1328 68 ſchließen; eben deshalb können wir es auch nicht loben, wenn ohne alle Zuhülfe⸗

43 1054 1326 72 nahme der Ergebniſſe gewiſſenhaft prüfender Wiſſenſchaft das Wort Gottes aus⸗

53 1113 1318 65 gelegt, wenn unter dieſen Umſtänden, auch beim aufrichtigſten Willen des Ausle⸗

47 1164 1325 67 gers, gar Vieles in die Bibel hineingelegt wird, was nicht Gottes Wort iſt.

121 1218 1259 67 Darüber aber freuen wir uns von Herzen, daß ein treuer Diener Chriſti,

45 1264 1337 77 trotz ſeiner Schwächen und Mängel, Schutz und Beiſtand gegen rohe Gewalt

49 1321 1326 73 gefunden hat. Dabei erkennen wir jedoch in dem ganzen Vorgange und auch

51 1374 1330 72 in den 42 ungünſtigen Stimmen des Großen Rathes zu Baſel eine ernſte

53 1427 1328 72 Lehre und Warnung. Auch der beſte Eifer allein thut es noch nicht; chriſtliche

53 1479 1328 73 Weisheit und Wiſſenſchaft ſind unentbehrlich; das Evangelium iſt keine alt⸗

53 1531 1324 74 teſtamentliche Zuchtruthe; wir ſtehen nicht mehr unter dem Geſetze des Buch⸗

49 1585 1322 73 ſtabens, ſondern unter dem Geſetze des Geiſtes. Vorübergehende Erſchütte⸗

51 1637 1320 74 rungen, die durch mehr ſinnliche Eindrücke hervorgerufen werden, bleiben öfters

47 1692 1332 70 ohne nachhaltige Wirkung. Dagegen thut uns eine Erneuerung unſeres Volks⸗

47 1743 1330 72 lebens aus der Tiefe des chriſtlichen Bewußtſeins, aus dem Geiſte der Wahr⸗

45 1796 1328 71 heit und der Freiheit unſeres Erlöſers, es thut uns auch eine Wiedergeburt

47 1847 1332 73 unſeres Proteſtantismus durchaus Noth. Das Feuer des Elias flammt, ſengt

49 1901 1324 72 und verzehrt; bitten wir Gott um das Feuer des heiligen Geiſtes, das er⸗

48 1950 496 93 leuchtet, reinigt und erwärmt.

307 2039 810 103 ll. Kirchliche Mittheilungen.

50 2116 1323 82 * Aus Preußen. Unſere kirchlichen Angelegenheiten ſind ſeit meinem letzten

45 2172 1326 74 Berichte um keinen Schritt vorgerückt, ſie ſind ſogar um einen Schritt zurückgegan⸗

50 2238 1325 66 gen. *) Daß die Regierung in der Verfaſſungsangelegenheit umſichtig auftreten und

90 2299 1283 71 *) Der Herr Correſpondent kannte den neueſten Erlaß betreffend die Einführung der

143 2362 921 39 Gemeindeordnung und Kreisſynoden vom 15. März noch nicht.

194 2398 119 34 1860. III.

1047 2432 33 7 3
