1497 2610
704 82 50 56 33

55 113 1344 126 ihren Aufgaben und Werken, wie ſich’s gebührt in Anſpruch genommen, das iſt

51 213 1354 77 eben die Frage. Will es doch jetzt noch manchen ſonſt erleuchteten Köpfen ganz

55 274 1009 64 ſelbſtverſtändlich erſcheinen, daß die Geiſtlichkeit die Kirche ſei.

135 321 1261 75 So ſehr nun das Bedenken, welches die der Kirche lange entfremdeten

51 374 1340 75 Gemeinden zu ihrem Dienſt und Aufbau nicht zu ſchnell und allſeitig heranziehen

53 430 1338 72 will, zu begreifen iſt: ſo ſind doch auch die Einwürfe der entgegengeſetzten Rich⸗

57 482 1332 73 tung nicht ſo leicht zu beſeitigen. Ob denn, frägt man, das landesherrliche Kirchen⸗

55 535 1344 74 regiment einen göttlichen Auftrag habe, die Kirche aus ſich heraus zu conſtituiren?

53 585 1342 79 Ob es nicht ſelbſt lediglich aus der Noth hervorgegangen, und ſeine Grundlagen

55 641 1332 77 an der Gemeinde habe? Ob ein Kirchenregiment Vertrauen verdiene und, wenn

55 692 1336 81 es ſolches verdiente, finden werde, das nicht die Gemeinde vertrete? Man

57 748 1334 78 erinnert daran, daß in dieſen Tagen ſelbſt Oeſterreich die Gemeindevertretung in

57 802 1332 77 Presbyterien und Synoden für die dem Weſen des Proteſtantismus grundſätzlich

57 857 1336 76 allein entſprechende Form der Kirchenverfaſſung anerkannt, und daß das evangeliſche

53 905 1328 80 Preußen an kirchlichem Liberalismus, an kirchenverfaſſungsmäßiger Loyalität doch

53 969 1022 50 nicht hinter dem katholiſchen Kaiſerſtaate zurückbleiben dürfe. *)

121 1030 1264 61 Wie Sie bemerken werden, ſo betrachte ich es für einmal nicht als meine

47 1066 1336 78 Aufgabe, die Fragen auch nur entfernt einer Erledigung entgegenzuführen. Ich

51 1122 1332 76 entwerfe Ihren Leſern nur in wenigen Grundriſſen eine Zeichnung von dem Stand

45 1175 1342 77 der Dinge im Allgemeinen. Was jetzt noch im Stillen gährt, das dürfte, wenn

51 1229 1340 76 einmal die Kammern wieder zur Berathung verſammelt ſein werden, früher oder

55 1284 1330 86 ſpäter an’s Licht der Oeffentlichkeit treten. Auch die Fragen in Betreff der Civil⸗

91 1349 1293 101 *) Eine Eröffnung Sr. Königl. Hoheit des Prinz⸗Regenten auf eine Bitte um Regelung

139 1437 1132 58 der Verfaſſungsverhältniſſe der Kirche Preußens vom 2. Januar d. J. lautet:

216 1486 1170 55 Auf die Vorſtellung vom 5. Mai v. J., in welcher Sie Mir Ihre Anſichten

141 1526 1237 62 und Wünſche in Betreff der Verfaſſung der evangeliſchen Kirche des Landes vorgetragen

139 1574 1242 60 haben, eröffne Ich Ihnen, daß Ich es mit Ihnen für eine eben ſo wichtige als drin⸗

149 1620 1236 61 gende Aufgabe halte, der evangeliſchen Kirche zu der ihr gebührenden Selbſtſtändigkeit

139 1668 1244 59 zu verhelfen, und daß Ich die Löſung dieſer Aufgabe mit aller Kraft zu fördern

143 1713 1240 59 entſchloſſen bin. Das von Ihnen zu dieſem Behuf Mir vorgeſchlagene Mittel anzu⸗

135 1759 1246 58 wenden, muß Ich jedoch Anſtand nehmen. Ich kann vielmehr im Hinblick auf die

137 1805 1249 57 obwaltenden rechtlichen und thatſächlichen Verhältniſſe nur ein allmäliges, wenn ſchon

145 1850 1241 59 energiſches, Vorſchreiten für zuläſſig und rathſam halten. In dieſem Sinne werde

137 1894 1246 61 Ich demnächst in Betreff der Gemeindeverfaſſung und der auf dieſelbe zu gründenden

143 1943 1236 57 Kreisſynoden weitere Anregung ergehen laſſen, welcher Sie, wie Ich erwarte, bereit]

135 1985 1242 62 willig entgegenkommen werden. Soviel die Beſchwerden über die frühere Verwaltung

145 2035 1241 57 der Angelegenheiten der evangeliſchen Landeskirche anlangt, welche in der Ihrer Vor⸗

147 2078 1232 63 ſtellung beigefügten Denkſchrift enthalten ſind, ſo beruhen dieſelben zum Theil auf

141 2124 1243 64 nicht haltbaren rechtlichen Vorausſetzungen, oder auf unvollſtändiger Kenntniß der

139 2167 1239 70 Thatſachen. Eine Erörterung der einzelnen Punkte habe Ich nicht für nothwendig

139 2214 1242 70 erachten können. Ich will Sie jedoch in Beziehung auf diejenigen Beſchwerden, welche

142 2259 1236 72 die Gefährdung der Union zum Gegenſtande haben, durch die Verſicherung beruhigen,

142 2306 1241 69 daß dieſes Meiner Pflicht anvertraute theuere Vermächtniß Meines in Gott ruhenden

140 2359 788 53 Vaters Majeſtät von Mir treu bewahrt werden wird.”

183 2407 110 36 1860. II.

1038 2441 48 53 3
