1501 2610
114 167 1349 55 trägen unſer Unternehmen kräftigſt zu unterſtützen. Der Herr Verleger hat es

107 220 1355 54 ſich ſeinerſeits angelegen ſein laſſen, durch wohlfeilen Preis der Zeitſchrift eine

110 275 1352 52 möglichſt weite Verbreitung unter Geiſtlichen und Gemeindegenoſſen zu ſichern.

189 327 1264 52 Das hiermit erſcheinende erſte Heft wird zeigen, wie wir unſere Auf⸗

111 382 1354 50 gabe für die Zukunft zu löſen gedenken. Alle Diejenigen, welche mit den

107 433 1348 53 von uns aufgeſtellten Grundſätzen übereinſtimmen und nach demſelben

107 487 1345 53 Ziele ringen, bitten wir angelegentlichſt, unſerem Unternehmen ihre gütige

112 540 1345 55 Mitwirkung zuwenden und für möglichſte Verbreitung deſſelben thätig ſein

107 592 178 42 zu wollen.

190 665 1183 62 Heidelberg, im December 1859. Dr. Schenkel.

184 928 1262 65 Dem vorſtehenden Programme habe ich als Verleger nur noch hinzuzufügen,

100 985 1353 60 daß es mein aufrichtiges Beſtreben ſein wird, Sorge zu tragen für eine gute

106 1035 1349 63 typographiſche Ausſtattung und ein promptes Erſcheinen der einzelnen Hefte in

97 1091 813 50 regelmäßigen fünfwöchentlichen Zwiſchenräumen.

100 1160 1351 53 Wie ich der Erwartung der verehrlichen Redaction, durch einen möglichſt

104 1210 1341 58 niedrigen Preis die Verbreitung der Zeitſchrift kräftigſt zu fördern, zu ent⸗

104 1261 1343 62 ſprechen bereit bin, glaube ich nicht beſſer an den Tag legen zu können, als

97 1314 1266 60 dadurch, daß ich das jährliche Abonnement für 10 Hefte hiermit auf nur

309 1390 888 63 1 Thaler 15 Sgr. preuß. Court. o. W.

104 1469 1349 69 feſtſtelle, und dadurch unſer Organ zu der wohlfeilſten aller kirchlichen

100 1523 1343 70 Zeitſchriften ähnlicher Bedeutung mache. Allerdings zähle ich dabei auf eine

107 1576 1037 55 ſehr große Verbreitung, die hoffentlich nicht ausbleiben wird.

204 1654 1237 72 Alle Buchhandlungen und Poſtämter nehmen Beſtellungen an.

93 1718 666 59 Elberfeld, im December 1859.

815 1840 459 58 R. L. Friderichs.

917 1911 252 48 Verlagshandlung.
