1501 2586
711 119 64 51 68

158 163 1256 99 Die ſächſiſche Geiſtlichkeit thut ſich zu Conferenzen unter dem Vorſitz des Dr.

77 253 1337 52 Brückner zuſammen, um die neue Kirchenordnung zu berathen. In Leipzig

85 299 1324 47 iſt der deutſchkatholiſche Prediger Dr. Beyer wegen z. Th. allerdings höchſt frecher

84 340 1327 48 Redensarten, deren er ſich bediente, entfernt worden. In Magdeburg ſcheint

82 381 1335 49 Uhlich immer mehr zur Plattheit eines ordinairen pantheiſtiſchen Materialismus

87 424 1324 49 herabzuſinken, und iſt dafür mit Recht von der Prot. K.⸗Ztg gezüchtigt worden.

163 466 1244 49 Eine ſtarke Oppoſition erhebt ſich in der Rheinpfalz gegen das neue Polizei⸗

81 509 1231 49 Strafgeſetz, das u. A. auch ſtrenge Geſetze wegen Sonntagsheiligung enthält.

156 552 1253 49 In Baden ſoll mit thunlichſter Beſchleunigung eine außerordentliche

75 593 1334 50 Generalſynode zur Berathung einer Reviſion der evangeliſchen Kirchen⸗

78 637 1336 48 verfaſſung zusammentreten; damit iſt der hauptſächlichſte Wunſch der Durlacher

81 680 1330 47 Verſammlung erfüllt. Die Parteien ſind auf den Ausgang des Wahlkampfes

89 720 1320 49 ſehr geſpannt; hinter den 10 Durlacher Theſen ſtehen die Gemeinden und mehr

78 765 690 44 Geiſtliche als man gewöhnlich annimmt. *)

163 802 920 52 In Hamburg wird forthin die Civilehe eingeführt ſein.

156 845 1259 52 Biſchof Monrad in Kopenhagen wird nunmehr ſeinen Kirchengemeinderaths⸗

72 889 1343 49 Entwurf zuerſt vor den Landthing, dann vor den Volksthing bringen und in beiden

74 937 274 40 damit durchfallen.

153 971 1260 53 Der Appellhof in Brüſſel hat entſchieden, daß kein Prieſter oder Laie ohne

79 1018 946 48 Erlaubniß des Staates den Peterspfennig einſammeln darf.

157 1059 1251 50 Zu Arras in Frankreich wurde am 16. — 18. Juli zum erſtenmal das

78 1102 1337 47 Feſt des neueſten katholiſchen Heiligen, Joſeph Labre, gefeiert unter Anweſenheit

78 1148 1006 44 einer Unzahl von Mönchen, Nonnen, Prieſtern und Biſchöfen.

153 1186 1261 48 In Neapel hat Garibaldi den Bau einer engliſchen Kirche geſtattet und den

70 1233 738 44 Platz hierfür im Namen der Nation geſchenkt.

155 1270 1256 50 Endlich darf als ein Zeichen der Zeit nicht unbeachtet gelaſſen werden, was die

71 1314 1336 49 Zeitungen von einem Aufruf zu allgemeiner iſraelitiſcher Allianz berichten, deren

73 1358 1342 47 Mitglieder Juden ſind, die ſowohl die Emancipation, als die Beförderung des

69 1399 1156 57 „ſittlichen Fortſchritts” ihrer Glaubensgenoſſen in’s Auge faſſen werden.

128 1450 31 54 5

181 1501 1141 16 Die neuesten Alerhöchsten kirchlichen Erlasse vom 9. Oktober lauten wörtlich:

241 1514 1162 39 Nach Beſtätigung und Verkündigung des Geſetzes vom Heutigen über die recht⸗

171 1549 1234 40 liche Stellung der Kirchen und kirchlichen Vereine im Staate finden Wir Uns zur

179 1584 1226 41 weitern Bekanntmachung bewogen, daß der mit dem päpſtlichen Stuhle zur Regelung

169 1619 1236 40 der Angelegenheiten der katholiſchen Kirche im Großherzogthum am 28. Juni v. J.

173 1654 1236 39 vereinbarten und durch Verordnung vom 5. Dez. v J. zur allgemeinen Kenntniß

177 1686 1233 42 gebrachten Uebereinkunft keine rechtliche Wirkſamkeit beizulegen iſt und daß das er⸗

171 1724 776 39 wähnte Geſetz an die Stelle jener Uebereinkunft tritt.

251 1758 1121 41 Gegeben zu Karlsruhe in Unſerem Staatsminiſterium, den 9. Oktober 1860.

643 1796 692 39 Friedrich. Stabel. A. Lamey.

240 1832 1167 37 Zum Vollzug des Geſetzes vom Heutigen über die rechtliche Stellung der Kirchen

172 1865 1232 40 und kirchlichen Vereine im Staate haben Wir bezüglich der vereinigten evangeliſch

179 1901 1234 40 proteſtantiſchen Kirche beſchloſſen und verordnen; §. 1. Die in Folge der Beſtimmungen

182 1938 1224 37 des im Eingang genannten Geſetzes nöthig werdenden Aenderungen in der Ver⸗

177 1973 1229 37 faſſung der vereinigten evangeliſch⸗proteſtantiſchen Kirche ſollen einer Generalſynode

177 2007 1231 39 zur Berathung vorgelegt werden. Das Ergebniß dieſer Berathung iſt, Uns als

175 2042 1228 39 oberſtem Biſchof zur Beſtätigung zu unterbreiten. §. 2. Bis dieſe Aenderungen in

176 2077 1230 40 der Verfaſſung der vereinigten evangeliſch⸗proteſtantiſchen Kirche zu Stande gekommen

180 2113 1232 40 ſein werden, ſind die Angelegenheiten derſelben von den nach den beſtehenden Geſetzen

169 2150 1244 38 und Verordnungen zuſtändigen Behörden zu erledigen. §. 3. Das Miniſterium des

171 2185 1237 38 Innern hat die Berufung der Generalſynode mit thunlichſter Beſchleunigung einzuleiten.

244 2220 1164 39 Gegeben zu Karlsruhe in Unſerem Staatsminiſterium, den 9. Oktober 1860.

644 2258 703 58 Friedrich. A. Lamey.

118 2399 518 54 Gedruckt bei Sam. Lucas in Elberfelb.
