1497 2586
293 225 775 151 Ankündigung

631 396 130 60 zum

464 462 462 79 zweiten Jahrgang

646 573 96 51 der

79 640 1270 158 Allgemeinen kirchlichen Zeitſchrift.

524 794 354 147 Ein Organ

667 938 74 80 für

195 1017 992 99 die evangeliſche Geiſtlichkeit und Gemeinde.

493 1115 405 123 Unter Mitwirkung von

31 1228 1328 73 Dr. Baur in Gießen, Dr. Heppe in Marburg, Lic. Holtzmann in

31 1296 1318 58 Heidelberg, Dr. Jacobi in Halle, Superintendent Neuenhaus in Halle

319 1351 745 63 Dr. Steitz in Frankfurt a. M. u. v. A.

521 1412 333 76 herausgegeben

655 1487 68 78 von

380 1561 638 80 Profeſſor Dr. Daniel Schenkel,

142 1633 1100 93 Großherzoglich badiſchem Kirchenrath, Seminar⸗Director und erſtem Univerſitätsprediger.

112 1793 1246 74 Die „Allgemeine kirchliche Zeitſchrift” wird im nächſten

31 1853 1329 67 Jahre ihren zweiten Jahrgang antreten. Wie uns der Erfolg

35 1905 1328 69 unſeres Blattes beweiſt, ſo iſt daſſelbe einem wirklichen Bedürfniſſe

31 1956 1328 71 der evangeliſchen Geiſtlichkeit und Gemeinde zur rechten Zeit

37 2011 1316 70 entgegengekommen. Es hat an vielfachen Aufmunterungen und ſtärkenden

39 2061 1318 74 Erfahrungen auf dem von uns beſchrittenen Wege nicht gefehlt, und nicht nur

37 2114 1322 75 in der Studierſtube gelehrter Theologen und praktiſcher Geiſtlichen, ſondern

35 2168 1318 75 namentlich auch in den Kreiſen gebildeter Gemeindeglieder, voranſtrebender

41 2221 1310 76 Lehrer, chriſtlich geſinnter Frauen hat unſer Blatt freundliche Aufnahme und

31 2270 1324 80 ununterbrochen wachſende Theilnahme gefunden. Zu aufrichtigem Danke

35 2325 1322 78 ſind wir den vielen trefflichen Mitarbeitern und Correſpondenten im deutſchen

33 2374 1327 82 Vaterlande wie in dem Auslande verbunden, welche uns mit Beiträgen reichlich

1030 2441 70 50 1

171 2450 109 42 1860. X.
