1562 2610
640 62 245 86 Prospect.

73 236 1356 157 Allgemeine kirchliche Zeitſchrift.

484 507 686 105 Ein Organ

209 656 1199 60 für die evangeliſche Geiſtlichkeit und Gemeinde.

446 826 708 47 Unter Mitwirkung ausgezeichneter

322 896 843 59 Theologen, Geiſtlichen und Gemeindegenoſſen

586 1005 304 50 herausgegeben

702 1065 75 53 von

486 1151 525 45 Profeſſor Dr. Daniel Schenkel,

191 1199 1097 59 Großherzoglich Badiſchem Kirchenrath, Seminar⸗Director und erſtem Univerſitätsprediger.

166 1395 1261 77 Schon ſeit längerer Zeit, und immer dringender, hat ſich das Bedürfniß

59 1462 1350 64 zur Gründung eines Organes gezeigt, welches das kirchliche Leben der

61 1519 1358 61 Gegenwart, ſeine Bewegung und Entwicklung, nicht nur für die

63 1571 1351 63 engeren Kreiſe der Fachmänner (Theologen und Geiſtlichen), ſondern auch für

53 1624 1360 63 die weiteren der chriſtlichen Gemeindegenoſſen ſo umfaſſend, einge⸗

51 1685 1354 53 hend und überſichtlich als möglich zu beleuchten und darzulegen ſich zur Auf⸗

49 1733 208 47 gabe machte.

133 1790 1279 55 Der Stand der Theologen und Geiſtlichen iſt gewiß ein höchſt wichtiger

51 1842 1354 56 und einflußreicher innerhalb der evangeliſchen Kirche, und ſoll es immer bleiben;

57 1895 1357 56 aber er bildet — nach den Grundſätzen der Reformation — nicht die Kirche

47 1946 1360 59 ſelbſt. Die evangeliſche Kirche ruht auf der Kraft und Lebendigkeit der Ge⸗

59 2007 1354 50 meinde, und was der fromme Spener vor bald zwei Jahrhunderten, als

49 2056 1361 53 der Prophet einer beſſeren kirchlichen Zukunft, erſehnt und geweiſſagt hat, wird

47 2107 1366 57 ſich ſicherlich immer mehr erfüllen: die Gemeinde wird immer mehr in ihre

50 2164 1362 54 apoſtoliſchen Urrechte eintreten und ſich zum geiſtlichen Tempel erbauen, in

54 2216 542 48 welchem der heil. Geiſt wohnet.

131 2274 1270 54 Aber wie vieler Arbeit und Vorbereitung bedarf es noch, damit dieſer leben⸗

47 2322 1360 59 dige Bau zum Preiſe Gottes und zur Verherrlichung des Erlöſers ſich freudig

43 2378 1360 56 erhebe! Unſere ſeit Jahrhunderten der kirchlichen Thätigkeit großentheils entfrem⸗
