1502 2610
760 58 77 51 8

116 168 1349 60 greift, unter die Aufſicht des Staates geſtellt, und vermöge welcher der Staat

118 209 1339 72 von der Dienſtbarkeit gegen die kirchliche Autorität befreit wird. Wie jene

118 263 1341 71 Partei ihr Stichwort: „Freiheit der Kirche” verſtand: das zeigte ſich ſofort,

122 316 1349 71 nachdem die Hochfluth der politiſchen Bewegung zurückgedrängt und an die

119 367 1342 74 Stelle der Ueberſtürzung der Rückſchlag eingetreten war. Kaum war die poli⸗

113 422 1352 73 tiſche Erregung nur einigermaßen gedämpft und das Bedürfniß nach Ruhe um

117 478 1340 68 jeden Preis bei den erſchreckten Regierungen und den abgeſpannten Bevölke⸗

113 529 1348 71 rungen vorherrſchend geworden, ſo erſchien eine Denkſchrift des katho⸗

112 579 1345 75 liſchen Episcopates im Märzmonat 1851. Die Forderung, welche der

116 634 1341 72 Episcopat in derſelben an die Staatsgewalt ſtellte, läßt ſich kurz dahin zuſam⸗

120 683 1341 77 menfaſſen: er verlangte völlige Unabhängigkeit der katholiſchen

113 735 1346 78 Kirche von der Staatsgewalt und ein Dienſtverhältniß des Staa⸗

114 788 1347 78 tes gegenüber der katholischen Kirche. Namentlich ſechs Punlte traten

112 844 1219 74 in jenem Aktenſtück als die dringendſten kirchlichen Forderungen hervor:

174 890 1281 85 1) Abſchaffung des ſtaatlichen Placet, völlige Freiheit des

234 947 1219 81 Verkehrs der kirchlichen Organe mit dem römiſchen Stuhle;

170 1001 1279 80 2) Unbedingte Freiheit im Cultus und allen dahin gehörigen

234 1057 1217 78 Anordnungen (Feſte, Wallfahrten, Proceſſionen), in Er⸗

237 1111 1213 75 richtung von Genoſſenſchaften, Orden, Klöſtern, Stiften,

229 1172 564 53 Abhaltung von Miſſionen;

169 1226 1289 71 3) Unbedingte Gewalt über den Klerus und deſſen Erziehung

229 1268 1220 79 vom zwölften Altersjahre an, nach den Beſtimmungen

231 1329 788 55 der Kirchenverſammlung von Trient;

170 1383 1281 74 4) Leitung und Ueberwachung des geſammten Schul⸗ und

226 1426 1223 85 Unterrichtsweſens, auch der Univerſitäten, insbeſondere

229 1478 1216 78 der katholiſch⸗theologiſchen und der philoſophiſchen Fa⸗

225 1551 190 34 kultäten;

166 1585 1287 79 5) Wiederherſtellung der kirchlichen Ehegerichtsbarkeit nach

223 1650 506 47 dem kanoniſchen Rechte;

166 1695 1283 81 6) Selbſtſtändige Verwaltung und Verwendung des kirch⸗

228 1746 999 82 lichen Vermögens durch die Organe der Kirche.

185 1798 1264 85 Dabei genügte es jedoch der Denkſchrift nicht, von dem Staate lediglich

93 1848 1344 89 Verzichtleiſtung auf ſeine ausgeübten Rechte zu fordern, in der Weiſe,

95 1905 1354 84 daß die Kirche nunmehr als eine freie Corporation, wie z. B. in Bel⸗

97 1959 1344 83 gien, mit eigenen Mitteln und Kräften ſich fortzuhelfen und ihre Macht nicht

105 2011 1340 84 weiter auszudehnen geſucht hätte als ihr moraliſcher Einfluß reichte. Sie

97 2065 1348 83 verlangte vielmehr, daß der Staat der Kirche zum Zwecke der zwangsweiſen

105 2116 1340 86 Ausführung ihrer Forderungen ſeinen Arm leihe, um ihren Willen mit

105 2167 1340 88 ſtaatlicher Hülfe durchzuführen. Wo z. B. die katholiſche Kirche neue Feſte

98 2218 1341 91 einführte oder ehemalige wiederherſtellte: da ſollten die Katholiken von der

97 2272 1340 90 Staatsgewalt gezwungen werden, zu feiern und die Nicht⸗Feiernden ſollten

89 2327 1356 77 dem weltlichen Strafrechte verfallen; ja nicht nur die Katholiken, auch die in
