1502 2586
780 68 53 58 64

135 115 1328 106 sollte, weil ſich herausgeſtellt hat, daß derſelbe zwar lutheriſch getauft, aber

138 219 549 51 reformirt confirmirt worden iſt.

216 259 1257 72 In Oldenburg iſt nun die Beſetzungsweiſe der Pfarrſtellen, wie dieſelbe

137 317 1326 69 ſeit 1849 proviſoriſch feſtgeſtellt war und ſich ſeither trefflich bewährte, zu einer

141 373 1328 65 endgültigen Verfaſſungsbeſtimmung erhoben worden. Die Beſetzung aller Pfarreien

131 425 1338 66 erfolgt hiernach in der Art, daß der Oberkirchenrath unter Berückſichtigung der

135 477 1332 67 Einzelgemeinden und der Intereſſen der Landeskirche aus den aufgetretenen Bewer⸗

139 530 1330 68 bern drei Geiſtliche ausſucht, aus welchen die betreffende Gemeinde in allgemeiner

135 582 1326 65 Verſammlung Einen auswählt, der hierauf dem Großherzog präſentirt und von

133 647 297 46 ihm ernannt wird.

214 676 1251 81 In Würtemberg iſt nun die neue apoſtoliſche Gemeinde von Chriſtof

136 740 1329 66 Hoffmann auf dem Kirſchenhardthof bei Moorbach aus der Landeskirche

136 804 212 49 ausgeſchieden.

220 835 1239 78 Die Geiſtlichen des Fürstenthums Waldeck ſollen nun auf die Unlon ver⸗

133 911 244 49 pflichtet werden.

215 944 1254 80 Am 15. Januar beging die reform. Kirche von Oſtfriesland in würdiger

134 1008 1323 69 Weiſe die dreihundertjährige Todesfeier ihres Stifters, Johann von Lasko.

125 1064 1336 65 Wenn am 19. April die geſammte evangeliſche Kirche Deutſchlands sich des Todes

126 1116 1333 67 Melanchthon’s erinnert, in welcher Beziehung von den meiſten Kirchenregie⸗

129 1169 1332 68 rungen bereits Anordnungen getroffen ſind, ſo möge dieſe Feier dazu dienen, jene

137 1220 1322 71 Einheit aller evangeliſchen Kirchengemeinſchaften, wie ſie Melanchthon noch in

127 1273 1290 95 der letzten Stunde auf dem Herzen getragen hat, zur Wahrheit werden zu laſſen.

663 1354 280 126 Bitte.

216 1463 1245 87 Im Jahre 1601 erſchien zu Herborn „Kurtze einfeltige und allein auf

129 1530 1332 73 Gottes Wort gegründete Glaubensbekanntnus von denen Hauptpunkten, ſo

129 1586 1326 69 alle und jede fromme Chriſten zur verſicherung jrer ſeligkeit und beſtendi⸗

137 1638 1320 70 gem lebendigem troſt zu wiſſen vonnöten haben.” — Dieſes Buch ſoll ſchon

127 1692 1330 69 1562 zu Heidelberg („durch Ludwig Lück”) gedruckt ſein. Da ich nun bei⸗

133 1745 1324 69 der Ausgaben dieſer Schrift zur Vollendung einer mit denſelben zuſammen⸗

125 1799 1332 69 hängenden Unterſuchung benöthigt bin, dieſelben aber auf öffentlichen Biblio⸗

125 1852 1330 71 theken bisher vergebens geſucht habe, ſo bitte ich diejenigen Leſer dieſes

125 1909 1334 66 Blattes, welche mir dieſe Bücher vielleicht verſchaffen können, mir dieſelben

129 1968 829 56 ſo bald als möglich gütigſt zuſenden zu wollen.

206 2022 608 55 Marburg, den 30. März 1860.

1087 2068 279 134 Dr. Heppe.

171 2192 510 206 Gedruckt bei Sam. Lucas in Elberfeld.
