1501 2586
756 78 54 51 64

113 124 1338 95 Gläubigen ſei; er hat dem überreizten Eifer der jeſuitisch geſinnten Biſchöfe mehr

108 215 1332 46 als einen Dämpfer aufgeſetzt; er hat mehrere ultramontane Journale unterdrückt;

116 257 1328 47 dem Univers, dieſer Pandorabüchſe des Ultramontanismus, welche Herr Veuillot

112 298 1336 49 nach Umſtänden gegen und für den Imperialismus zu öffnen gewohnt war, hat er

112 342 1332 47 den Mund geſchloſſen, und die alten Erinnerungen der gallikaniſchen Kirche wieder

112 386 1326 45 wach gerufen. Unter den franzöſiſchen Biſchöfen hat der Biſchof von Orleans,

112 425 1328 49 Herr Dupanloup, in einer weniger klugen als übermüthigen Weiſe, wie ſie

119 466 1327 51 jedenfalls einem Diener des Gekreuzigten nicht ziemt, dem Syſteme des Kaiſers den

116 510 1330 49 Fehdehandſchuh hingeworfen und ſich dabei nicht geſcheut, das Andenken eines

116 553 1330 47 ſeiner Vorgänger im biſchöflichen Amte zu beſchimpfen, was den Nachkommen des

114 595 1322 46 letzteren Veranlaſſung gegeben hat, den geiſtlichen Würdenträger wegen Ehren⸗

108 637 1330 46 kränkung vor die Schranken des weltlichen Gerichts zu fordern. Dieſes aber hat

108 680 1338 44 den Biſchof freigeſprochen. Im Uebrigen erwarten wir von dem ſo plötzlich impro⸗

109 721 1329 45 viſirten Gallikanismus und dem imperialiſtiſchen Eifer für Religionsfreiheit ſehr wenig.

113 764 1329 44 Namentlich darf der Proteſantismus in Frankreich nicht Fleiſch zu ſeinem Arme

115 805 1329 46 machen; er kämpfe mit dem Schwerte des Geiſtes, welches da iſt das Wort Gottes.

112 849 1332 43 Sonſt beweiſt die ganze Geſtaltung der Dinge, daß der Ultramontanismus außer

113 889 1335 46 den geiſtlichen Kreiſen in Frankreich geringen Halt hat. Beachtung verdient die Thä⸗

108 932 1340 46 tigkeit der Geſellſchaft des h. Vincent de Paul, die über das ganze Land verbreitet

116 977 1326 42 iſt, viele Mitglieder aus allen Klaſſen zählt, neben ihrer praktiſchen Lebensthätig⸗

112 1018 1330 43 keit auch Politik treibt und ſich zum Vorkämpfer des Ultramontanismus aufge⸗

115 1060 1325 44 worfen hat. Aber auch ein Lichtblick inmitten dieſer dunkeln Wirren fehlt nicht.

114 1102 1336 45 Der bekannte Akademiker und Bibelforſcher de Sacy hat eine neue Ausgabe

118 1144 1324 46 des Neuen Teſtaments veranſtaltet und ſchickt derſelben ein treffliches Vorwort

110 1185 1334 48 voraus, das durch und durch einen evangeliſchen Geiſt athmet. Er bekämpft

114 1228 1336 47 darin die modernen Phariſäer, welche ſo großes Gewicht auf die „Idolatrie, der

116 1274 1324 42 Ceremonien und Formeln” legen und Menſchenſatzungen an die Stelle des

107 1314 1337 44 göttlichen Wortes geſetzt haben. Er bekämpft überhaupt jede Auslegung, die

111 1356 1329 44 das reine helle Wort Jeſu und der Apoſtel verdunkelt. — Daß Blätter, die ſonſt

112 1397 1324 46 die Dinge nur weltlich anſahen, anfangen dem Proteſtantismus gerecht zu werden,

113 1440 1329 45 iſt auch bezeichnend. So die „Revue des Deux Mondes” in einem Artikel Emile

112 1482 1338 45 Montégut’s über ein Buch der trefflichen Madame de Gasparin; und

111 1522 1337 49 Prévoſt Paradol, der im „Journal des Debats” eine neue Auflage von Vincents

111 1559 1335 52 Werk über die Zukunft des Proteſtantismus in Frankreich anzeigte. — In den

111 1602 1328 53 evangeliſchen Kirchen wacht der Streit um den Lehrgehalt lebhaft auf. Pfarrer

108 1649 1334 49 Picaut’s Werk: Christ et la Conscience wird von der „Esperance” als deiſtiſch

116 1691 1326 49 und antichriſtlich bezeichnet. Ueberhaupt wird die Frage wegen des Opfers Chriſti

108 1733 1338 49 lebhaft beſprochen. Die Anhänger Picauts bezeichnen Adolph Monod’s Theo⸗

116 1774 1332 51 logie als wider⸗chriſtlich, wider⸗menſchlich, wider-göttlich! Auch die „Revue de Theo⸗

114 1819 1328 48 logie de Straßbourg” wird des Rationalismus beſchuldigt. — Bezeichnend iſt im

112 1860 1334 50 gegenwärtigen Augenblick das Auftauchen eines liberal⸗katholiſchen Blatts „L’Union

112 1903 1326 50 Chréötienn”'. Es will zum Organ aller Derer die en, welche wünſchen für das

116 1943 1330 53 Werk religiöſer Vereinigung zu arbeiten, zu deſſen Aufrichtung Jeſus Chriſtus in

116 1993 402 34 die Welt gekommen iſt. *)

171 2048 1277 58 *) Leider kommt auch im intelligenten Frankreich der Romanismus immer weiter von

215 2114 1237 28 Chriſtus ab. Als Beweis, — wenn es eines ſolchen noch bedürfte, -- mögen folgende

220 2130 1228 49 Sätze aus einem vor Kurzem erſchienenen Buche dienen: „Gott der Vater verabredet

214 2166 1232 47 alle ſeine (providentiellen) Abſichten mit Maria; in Verbindung mit ihr beruft der

222 2202 1230 45 Vater wen er will; Maria zwingt den Vater zur Vergebung und zur Liebe. Das

218 2237 1228 46 Blut des Oſterlammes iſt das Blut der Maria. Seit der Erſcheinung zu La

212 2276 1168 64 Salette ſind wir (die Franzoſen) unterthan der Herrſchaft Marias.”

161 2332 516 85 Gedruckt bei Sam. Lucas in Elberfeld.
