1502 2610
778 76 48 56 30

215 125 1258 104 Eine noch wichtigere Aufgabe, welche die Politik der Concordate uns Pro⸗

125 219 1347 65 teſtanten auferlegt, iſt die Erneuerung unſerer eigenen Kirche nach

129 274 1340 62 den Grundſätzen der Reformation. Wenn falſche Grundſätze wieder

131 329 1346 61 nenen Boden gewinnen wollen, ſo laſſen ſich dieſelben nur durch käftige Gel⸗

125 381 1338 63 tendmachung der richtigen überwinden. Die proteſtantiſche Kirche kann ſich

121 433 1348 64 nicht länger der ernſten Pflicht entziehen, ſich auf ſich ſelbſt zu ſtellen

121 488 1348 60 und aus ſich ſelbſt neu zu geſtalten. Der Raum erlaubt uns in die⸗

126 538 1344 64 ſem Aufſatze nicht mehr, die für unſere kirchliche Gegenwart ſo hochwichtige

128 591 1348 62 Frage nach der den Bedürfniſſen der Zeit entſprechenden Reform der evan⸗

129 644 1348 63 geliſchen Kirche näher zu beleuchten.*) Wir müſſen ſie auf ein ſpäteres Heft

127 693 1348 70 verſparen. Unterdeſſen rufen wir Geiſtlichen und Gemeindegenoſſen

126 747 1337 70 in der evangeliſchen Kirche das apoſtoliſche Mahnwort zu (1. Cor. 16, 13):

199 802 1262 64 Wachet, ſtehet im Glauben, ſeid männlich und ſeid ſtark.

392 1059 809 47 ll. Kirchliche Mittheilungen.

205 1105 1268 81 * Aus Preußen. Ihre Leſer vernehmen in dieſer kirchlich bewegten Zeit

113 1168 1352 71 wohl nicht ungern eine Stimme aus dem deutſchen proteſtantiſchen Großſtaate. Iſt

119 1223 1342 68 meine Stimme auch nur die eines Einzelnen, ſo glaube ich doch unter dem Treiben

124 1274 1341 71 der Parteien und den Kämpfen der verſchiedenen Richtungen manches Wahre, und

120 1328 1337 70 Zutreffende herausgehört zu haben. Ob wir ſeit einem Jahre in Preußen in kirch⸗

123 1381 1338 70 licher Beziehung vorwärts gekommen ſeien? fragte mich dieſer Tage ein Freund.

124 1435 1341 70 Die Frage iſt etwas verfänglich. In dem Stande unſerer Parteien hat ſich noch

122 1488 1345 71 nichts abgeklärt. Seit dem Wechſel des Cultusminiſteriums ſind die Anſprüche

124 1541 1339 71 der hochkirchlichen Vartei keineswegs geringer geworden; ihr Ton hat ſich hin und

114 1594 1343 71 wieder eher noch etwas verbittert, die Zahl der Mitglieder auf ihren Zuſammen⸗

116 1647 1349 73 künften dagegen etwas vermindert; aber Herſtellung des reinen unverküm⸗

124 1702 1333 72 merten Iutheriſchen Bekenntniſſes, und in Folge deſſen Beſeitigung

114 1760 1351 65 der Union und namentlich ihres Rechtsbeſtandes, welchem der Rechtsbeſtand der

122 1809 1343 71 Confeſſion als damit unverträglich entgegen gehalten wird, das iſt das Stichwort,

121 1867 1344 66 welches die Führer auf ihre Fahnen geſchrieben haben. Dr. Stahl hat in ſeinem

109 1919 1354 67 bekannten Buche: „Die lutheriſche Kirche und die Union”, das u. A. auch in Dr.

120 1974 1342 65 Stier vor Kurzem einen würdigen und tüchtigen Gegner gefunden hat, den

119 2027 1350 65 Streitgedanken der Partei ausgeſprochen. Man kann ihn wohl mit den Wor⸗

113 2077 1348 69 ten ausdrücken: Gelinde Auflöſung der Union unter einſtweiliger

113 2128 1342 72 Beibehaltung des combinirten Kirchenregimentes; vereinigte Pflege

119 2182 1340 77 der beiden Confeſſionen, ſo nämlich, daß die lutheriſchen Mitglieder des Evangeli⸗

163 2243 1296 79 *) Man vergl. die eben erſchienene Schrift: Dr. Schenkel, die Erneuerung der deut⸗

215 2307 1242 61 ſchen Evangeliſchen Kirche nach den Grundſätzen der Reformation. Gotha, Friedrich

209 2358 439 43 Andreas Perthes, 1860.
