2364 3351
1131 123 60 31 256

189 224 927 35 — Urkunden des X. u. der erſten Hälfte des XI. Jahrh. aus

237 261 870 34 dem Bisthum Freiſing. gr. 8. Ebendaſ. (Comm.) 1. 20

170 298 949 35 — Die Urkunden des Bisthums Freising aus der Zeit der

237 334 882 32 Karolinger. Nachträge, Erörterungen, Berichtigungen.

227 369 895 36 gr. 4. Ebendas. (Comm.) 2. —

156 405 966 33 Jacobs, E., Urkundenbuch des in der Grafschaft Wernige-

233 441 882 33 rode belegenen Klosters Ilsenburg. 1. Hälfte: Die Ur-

234 477 888 33 kunden vom Jahre 1003–1460. gr. 8. Halle. Waisenhaus.

1046 514 54 31 6. —

158 549 948 34 Kramer, G., Carl Ritter. Ein Lebensbild nach ſeinem hand⸗

225 583 894 38 ſchriftlichen Nachlaß dargeſtellt. 2. Aufl. 2 Bde. gr. 8.

234 621 887 34 Ebendaſ.9 Mark. geb. 12. —

158 658 961 33 Peter, C., römische Geschichte in kürzerer Fassung. gr. 8.

240 692 885 35 Ebendas. 7. 50 Mark. geb. 9. —

164 730 955 33 Prutz, H., Aus Phönizien. Geograph. Skizzen u. hiſtor. Stu⸗

233 765 867 34 dien. gr. 8. Leipzig. Brockhaus. 8. —

167 802 952 32 Regesten zur schlesischen Gesch., hrsg. von C. Grün-

227 837 874 34 hagen. gr. 4. Breslau. Max. 7. —

164 874 951 33 Scheffer-Boichorst, P., die Chronik des Dino Compagni.

227 910 883 35 Kritik der Hegel’schen Schrift ‚Versuch einer Rettung’.

228 948 875 31 gr. 8. Leipzig. Hirzel. 3. —

162 981 962 34 Schmoller, G., Strassburg zur Zeit der Zunftkämpfe u. die

236 1018 873 36 Reform sr. Verfassung u. Verwaltg. im 15. Jahrh. gr. 8.

231 1053 882 34 Strassburg. Trübner. 3. —

161 1090 952 36 Wattenbach, W., das Schriftwesen im Mittelalter. 2. Aufl.

221 1128 886 34 gr. 8. Leipzig. Hirzel. 11. —

350 1205 579 37 Geographie. Reiſen. Karten.

168 1258 954 41 Hellwald, F. v., Hinterindiſche Länder u. Völker. gr. 8. Berlin.

230 1293 886 40 Spamer. 6 Mark. geb. 7. 50

159 1330 948 39 Hübner, A., v., ein Spaziergang um die Welt. 3. Aufl. 3 Bde.

227 1363 886 38 8. Leipzig. Weigel. 7. 50

161 1401 946 36 Kohn, A. u. R. Andree, Sibirien u. das Amurgebiet. 2 Bde.

230 1435 892 38 Berlin. Spamer. 9 Mark. geb. 11. —

159 1474 947 33 Löher, F. v. griech. Küſtenfahrten. gr. 16. Bielefeld. Velhagen

231 1509 872 34 u. Klaſing. 5. —

164 1546 946 33 Müller, A., Wandkarte von Frankreich. Photolithographie

227 1584 882 34 nach e. Relief. 12. Blatt. gr. Fol. Weimar. Photolithogr.

231 1620 753 36 Instistut. 9 M; auf Leinwand in Mappe 16 M.;

605 1659 504 31 anf Leinwand mit Stäben 16. 50

180 1688 926 38 — Wandkarte von Grossbrittannien und Irland. Photolitho-

231 1726 879 35 graphie nach e. Relief. 9 BI. gr. Fol. Ebendas. 8 M.;

228 1761 549 33 auf Leinwand in Mappe 18. 50 M.;

602 1793 498 35 auf Leinwand mit Stäben 14. —

156 1831 960 35 Noé, H., Winter u. Sommer in Tirol. gr. 8. Wien. Wald⸗

239 1866 871 37 heim. geb. 8. 40

155 1902 954 37 Rohlfs, G., drei Monate in der libyschen Wüste. 4–6.

225 1938 878 37 (Schluss-) Lieferung. gr. 8. Cassel. Fischer. à 3. —

503 2021 273 32 Kunſtgeſchichte.

162 2076 945 37 Bucher, B., Geschichte der technischen Künste. 1. Bd. gr. 8.

240 2112 888 34 Stuttgart. Spemann. 16. —

155 2149 972 36 Reber, F., Gesch. der neueren deutschen Kunst. 5. (Schluss-)

227 2188 886 36 Lfg. gr. 8. Stuttg. Meyer u. Zeller. 4. 80

1187 231 961 36 Riegel, H., Geſch. der deutſchen Kunſt ſeit Carſtens u. Gottfr.

1262 267 868 34 Schadow. 4. Heft. gr. 8. Hannover. Rümpler. 2. —

1199 299 940 35 — Geſch. des Wiederauflebens der deutſchen Kunſt zu Ende

1259 339 880 33 des 18. u. zu Anfang des 19. Jahrh. gr. 8. Ebendaſelbſt.

2070 374 65 34 8. —

1271 504 787 34 Verlag von Wilhelm Hertz in Berlin N. W.

1346 546 639 34 (Beffer’ſche Buchhandlung, 10 Marienſtr.)

1271 602 792 37 Hermann Reuter, Geſchichte der religiöſen

1313 650 745 34 Aufklärung im Mittelalter. In zwei Bänden.

1326 692 461 35 Erſter Band. eleg. geb. 7 M.

1277 739 777 33 Heinrich Heppe, Geſchichte der quietiſtiſchen

1310 783 750 37 Myſtik in der katholiſchen Kirche eleg.

1322 830 144 34 geb. 9 M.

1343 879 723 31 Reuter’s Werk ſtellt zuerſt aus mittelalter⸗

1271 915 786 31 lichen Quellenſtudien dar, daß die Aufklärung im

1274 951 789 31 Mittelalter größere Dimenſionen, als bisher angenom⸗

1277 987 780 31 men, gehabt, und füllt eine Lücke in der bisherigen

1265 1023 801 31 theologiſchen Dogmengeſchichte, der Geſchichte der Phi⸗

1268 1059 798 31 loſophie und der allgemeinen Culturgeſchichte in einer

1271 1095 789 31 Darſtellung, welche auch das gebildete Publikum feſ⸗

1265 1127 792 35 ſeln wird, aus. — Heppe’s Werk führt zum erſten

1290 1164 777 31 Male einen bisher nur in einzelnen Fragmenten be⸗

1278 1200 792 34 kannten, großartigen dreihundertjährigen hiſtoriſchen

1281 1237 777 30 Verlauf in ſeinem Verhältniſſe zur Allgemein. Ge⸗

1271 1273 787 32 ſchichte, Kirchen⸗ und Culturgeſchichte vor. Für den

1274 1309 781 33 gegenwärtigen Culturkampf von Bedeutung, gewährt

1274 1345 784 32 es ganz neue Geſichtspunkte. Das Leben und Wirken

1271 1378 795 33 der Frau v. Guyon tritt lebendig hervor und nimmt

1272 1413 786 33 die Theilnahme der Geſchichtsforſcher und der Freunde

1259 1447 801 36 der geſchichtlichen und biographiſchen Literatur in An⸗

1269 1485 90 30 ſpruch.

1296 1605 852 33 In unſerem Verlage erſchien ſoeben in dritter ſehr ver⸗

1187 1642 922 35 mehrter Auflage und iſt in allen Buchhandlungen zu haben:

1307 1725 739 40 Leſebuch und Schule.

1638 1782 60 31 Von

1356 1830 603 36 F. X. Schulte, Pfarrer in Erwitte.

1407 1887 519 39 Preis: broſch. 3 Sgr. = 30 Pfg.

1299 1941 839 43 Der erſte Theil unterzieht das neue weſtfäliſche Leſebuch

1191 1977 954 43 einer vernichtenden Kritik in anſtändigſter Form. Der zweite

1197 2013 945 43 Theil beſpricht die Schulfrage im Zuſammenhang unter

1196 2050 940 42 folgenden Nummern: 1) Unſere Rechte. 2) Unſere Klagen. 3)

1190 2086 952 44 Unſere Forderungen. Das Schriftchen verdient grade jetzt die

1193 2124 297 34 weiteſte Verbreitung.

1301 2177 795 44 Eſſen. Fredebeul & Koenen.

770 2321 760 40 „Literariſche Rundſchau.”

287 2387 1816 44 Die ‚Literariſche Rundſchau’ tritt mit dem 1. Jannar 1876 ihren zweiten Jahrgang an. Sie nimmt,

179 2435 1929 44 wie wir hoffen dürfen, die Anerkennung und das Vertrauen ihrer Leſer in das beginnende Jahr mit hinüber. Durch

182 2480 1935 43 eine große Anzahl der tüchtigſten Fachmänner und Schriftſteller (von denen viele in der ‚Rundſchau’ bis dahin

188 2525 1926 43 noch nicht aufgetreten ſind) unterſtützt, ſind wir in der Lage, für den nächſten Jahrgang einen Inhalt in Ausſicht

185 2570 1929 41 zu ſtellen, welcher durch Reichhaltigkeit, Mannigfaltigkeit und Gediegenheit überraſchen wird. Den Literaturfächern,

182 2613 1932 45 welchen wir bisher beſondere Aufmerkſamkeit ſchenkten, werden ſich im neuen Jahre die Naturwiſſenſchaft und

189 2655 456 39 Rechtswiſſenſchaft anreihen.

293 2705 1816 41 Einrichtung, Preis und Erſcheinungsweiſe bleiben unverändert. Im Buchhandel koſtet das Semeſter (8 Num⸗

182 2742 1581 54 mern à 32 Spalten) drei Mark. Die Poſt nimmt nur ganzjährige Abonnements zu 6 Mark an.

296 2795 1813 40 Wir wenden uns an die Freunde und Gönner unſeres Blattes mit der ergebenſten Bitte, ſich für die Ver⸗

189 2829 846 46 breitung deſſelben thatkräftig intereſſiren zu wollen.

833 2897 633 41 Paderborn und Aachen, den 31. Dec. 1875.

339 2943 290 43 Die Redaction:

384 2993 222 38 Joſeph Köhler.

1521 2957 441 31 Die Verlagshandlung:

1632 3002 216 32 Rudolf Barth.

348 3092 1596 49 Verantwortlicher Redacteur Joſeph Köhler in Paderborn. — Druck von Franz Joſ. Urlichs in Aachen.
