2365 3362
1182 136 45 30 80

210 231 954 36 muß nach den angeführten Stellen feſtgehalten werden. Ebenſo

216 264 947 40 haben auch die Propheten des neuen Bundes, die Heiligen,

213 300 941 39 welche vermöge ihrer Freundſchaft mit Gott am Wiſſen und

210 334 945 42 Können Gottes theilnehmen, ihre Auctorität, ihre ganze Geltung

216 370 948 41 und Bedeutung nur durch die Kirche, die ihren Mittelpunkt im

210 408 950 37 Papſte hat. So werden die Briefe der Apoſtel an den Biſchof der

210 444 957 39 betreffenden Kirche übergeben ſein. Diese Abhängigkeit jeder

204 480 960 37 religiöſen Wirkſamkeit vom Hoheprieſter im alten, wie im neuen

216 514 948 42 Bunde wird leider gewöhnlich ganz überſehen. Gott hat zur Regierung

216 552 942 37 des Menſchengeſchlechtes zwei Gewalten gegründet, die weltliche

210 588 953 37 Obrigkeit und die geiſtliche Obrigkeit. Die geiſtliche Obrigkeit

213 624 939 40 iſt im alten wie im neuen Bunde die Thür (Joh. 10),

209 660 942 37 durch welche Jeder eintreten muß, welcher geiſtliche Functionen

215 696 933 37 vornehmen will; vergl. Trident. sess. XXIII. can. 7 u. can. 8.

207 732 944 37 in Verbindung mit can. 1— can. 6. Freilich, wenn ich wie

209 766 949 41 die Ketzer in allen Jahrhunderten die Autorität meines Biſchofs,

209 802 940 41 welcher allein derjenige iſt, den der Papſt geſandt hat, verachte,

212 840 942 37 ſo bleibt mir, um als Lehrer des göttlichen Wortes und Aus⸗

203 877 946 36 ſpender der Sakramente auftreten zu können, nur noch die Be⸗

213 912 939 39 rufung auf eine Sendung von Gott in meinem Gewiſſen übrig,

203 948 945 37 was gegen die Sichtbarkeit und Apoſtolicität der Kirche ſpricht.

206 984 945 39 Wenn dann Schulte meine Darſtellung über Lamech tadelt, ſo

204 1020 950 37 hätte er Hebr. 9, 22. ‚ohne Blutvergießung gibt es keine Ver⸗

210 1056 951 37 gebung’ beachten ſollen. Hiernach muß es im Protevangelium

221 1092 933 37 gelegen haben, daß nur durch Blut die Schuld getilgt werden

203 1126 948 39 konnte. Schulte iſt unzufrieden darüber, daß ich keine Erklä⸗

194 1164 955 36 rung der Völkertafel Gen. 10 gegeben habe; ich hätte Knobel

203 1198 952 39 dafür verwerthen ſollen. Ich habe den gegenwärtigen Stand

200 1236 949 36 der Menſchheit nach ihren Racen angegeben und ſo die Abſtam⸗

197 1272 948 37 mung von Sem, Cham und Japhet ausgeführt. Das iſt das

204 1305 948 42 Wirkliche. Hätte ich mich auf die Hypotheſen für die Erklärung

203 1342 954 38 der Völkertafel einlaſſen wollen,ſo würde ich dem großen Görres

210 1378 945 36 gefolgt ſein. Meine Eintheilung der Geſchichte des alten Bun⸗

194 1413 949 36 des in ſechs Abſchnitte tadelt Schulte mit ſcharfer Rüge und

195 1449 954 34 bezeichnet den von mir gewählten Abſchluß des vierten Abſchnit⸗

203 1485 949 34 tes durch den Tod des Cyrus (529) als ‚eine bloße Laune’.

206 1521 948 37 Schulte will eine Eintheilung nach dem Königthum haben, nach

200 1558 942 38 dem Prophetenthum. nach dem Einfluſſe des Hellenismus. Ich

207 1596 950 34 habe die Eintheilung befolgt, welche die h. Schrift ſelbst, Daniel

194 1630 961 38 2, 29—44 hat. Schulte ſollte beachten, daß der A. B. vom

198 1665 945 39 Urſtande und Protevangelium anfängt, nicht von der Berufung

192 1701 947 37 Abrahams. Wird nun aber bedacht, daß Cyrus für die Iſraeli⸗

209 1738 945 36 ten wie für die Heiden ſeiner Zeit die höchſte Bedeutung gehabt

194 1773 955 36 hat, ſo wird man den Anſatz ſeines Todes als eines wichtigen

195 1807 954 36 Zeitabſchnittes für die Geſchichte des alten Bundes wohl nicht

200 1845 952 36 als, ‚eine bloße Laune’ bezeichnen wollen. Cyrus hat das Volk

203 1881 940 36 Gottes in ſeinem religiöſen Leben wiederhergeſtellt und ihm

200 1918 952 36 ein ſehr freies politisches Daſein gegeben, wie alle Perſerkönige.

204 1953 939 36 Cyrus hat den heidniſchen Völkern des Morgenlandes vom

194 1989 946 39 Indus bis nach Kleinaſien eine feſte politiſche Geſtaltung gege⸗

197 2026 954 35 ben und iſt daher mit Cäſar, Auguſtus und Napoleon zu ver⸗

203 2064 943 34 gleichen. Schulte macht ſich luſtig darüber, daß ich die Lehre

197 2100 952 34 des h. Thomas, nach welcher Jakob durch wirklichen Ankauf

201 2133 942 39 ein Recht auf die Primogenitur hatte, anführte. Er mache das

195 2169 957 39 mit dem großen Kirchenlehrer ſelbſt aus. Er witzelt darüber,

194 2206 951 39 daß ich ſchrieb, wahrſcheinlich ſei Moyſes der Erfinder der Buch⸗

209 2242 939 39 ſtaben⸗Schrift. Er hat nicht beachtet, daß Formen und Namen

194 2278 955 41 der Buchſtaben dies bezeugen und ein wichtiger Schriftſteller

200 2316 949 39 bei Euſebius, den ich in der Vorrede anführte. Hinſichtlich des

201 2352 950 40 aſſyriſchen Reiches habe ich hauptſächlich Layard berückſichtigt.

191 2388 957 37 Wie Schulte es tadeln kann, daß ich über Alexanders des Gro⸗

201 2422 945 41 ßen Leben und Wirken die herrliche Schilderung in der h.

194 2458 957 41 Schrift 1. Machab. 1, 1—8 anführte, begreife ich nicht. Jeder

192 2491 950 44 möge dieſe Stelle der h. Schrift ſelbſt leſen. Den Machtſpruch:

207 2529 932 42 ‚Die Anführung des Profeſſors Caſſel in Paderborn iſt gegen⸗

204 2562 935 43 ſtandlos’ mag Schulte für ſich behalten, wie die ‚Laune des

201 2599 944 42 Todes des Cyrus’. Caſſel ſchrieb 1851 eine Schrift, worin er

201 2637 947 37 beweiſen wollte, das Lehramt Chriſti habe nur ein Jahr ge⸗

198 2671 945 41 dauert. Wenn das ‚gegenſtandlos’ iſt, ſo war der h. Irenäus

201 2709 945 39 ein Narr, daß er dieſe Lehre der Gnoſtiker ſo heftig bekämpfte.

204 2745 942 39 Daſſelbe gilt von dem Machtſpruche: ‚Die Inhaltsanzeigen ſind

195 2779 951 41 zwar ſehr umfangreich, aber dadurch iſt das Buch um kein Haar

194 2817 955 37 gebeſſert.’ Dann ſind die Inhaltsanzeigen ſelbſt kein Haar

191 2851 961 38 werth. Denn mit dem Weſen des Buches ſelbſt haben ſie

188 2887 952 38 nichts zu thun. Von allen wichtigen Fragen des alten und

192 2922 960 39 neuen Bundes, über das Sechstagewerk, über den Urſtand, über

201 2959 936 38 die Einheit des Menſchengeſchlechtes, über die Dauer des Auf⸗

198 2998 945 35 enthaltes der Iſraeliten in Egypten, über die Bedeutung Salo⸗

201 3034 948 35 mon’s für ſeine Zeit und ſein Volk, über den Grund des Ab⸗

1236 237 936 39 falles der zehn Stämme vom Hauſe David’s, über das Jahr

1233 273 941 37 der Erbauung des zweiten Tempels, über die Perſon des

1238 310 937 33 Ahaſchveroſch im Buche Eſther, über die Vereinigung der beiden

1232 346 937 33 Genealogien des Herrn bei Mathäus und Lukas, über die Dauer

1229 382 943 35 des öffentlichen Lehramtes Chriſti, über den Tag des letzten

1238 418 937 33 Abendmahles, über das Jahr der Gründung des römiſchen Bi⸗

1238 454 940 35 ſchofsſtuhles durch den h. Petrus, über das Jahr der Bekehrung

1232 490 933 33 des h. Paulus, über die Zeit und Dauer der großen Miſſions⸗

1235 526 936 35 reiſen des h. Paulus, über die Reihenfolge der 14 Briefe dieſes

1236 561 935 34 Apoſtels und über ſo viele andere Punkte, in denen ich eine

1226 598 954 33 beſtimmte Anſicht entwickelt habe, hat Schulte auch kein ein⸗

1236 634 935 36 ziges Wort: Ich erinnere mich ſeit langer Zeit nicht eine in

1235 670 933 36 ſich ſo gehaltloſe und oberflächliche Recenſion geleſen zu haben.

1217 703 954 39 Möge Schulte recht bald ſeinen Lehrſtuhl auf den öffentlichen

1227 741 947 34 Markt hinaustragen und uns ein opus omnibus numeris ab-

1226 777 220 33 solutum liefern.

1331 813 474 34 Münſter, den 7. März 1875.

1718 858 354 31 Prof. Dr. Friedhoff.

1325 915 847 34 Von dem Verfaſſer der bei R. F. Hergt in Coblenz er⸗

1229 951 264 34 ſchienenen Schrift:

1340 1008 718 31 Durch die Schale zum Kern,

1320 1068 759 34 Von den Schatten zum Licht,

1226 1113 937 33 welche namentlich in den Hiſtoriſch⸗politiſchen Blättern (B. 73

1221 1149 951 33 H. 12), der Köln. Volkszeitung (253 de 73), der Augsburger

1229 1185 940 34 Poſtzeitung (Beilage v. 17. Oct. 74) mit beſonderer Auszeich⸗

1215 1221 950 34 nung beſprochen wurde, iſt ebenfalls in jenem Verlag erſchienen:

1574 1332 265 34 Ruth.

1452 1414 494 33 Nach der heiligen Schrift.

1289 1465 810 39 Ein Verſuch tieferer Betrachtung unter

1383 1515 632 34 Anlehnung an große Ausleger.

1445 1561 492 36 Mit kirchlicher Erlaubniß.

1583 1602 231 31 Preis: 1 Mark.

1329 1647 837 31 Nach einer freundlichen Mittheilung findet die dem Hrn.

1224 1680 942 34 Bischof von Ermland gewidmete Schrift in dem Commentar des

1220 1716 946 31 Cardinals Hugo von St. Caro, welcher nicht benutzt werden

1223 1752 937 33 konnte, noch eine bedeutende Stütze. Sehr Erhebliches in dieſer

1217 1786 940 33 Beziehung findet ſich auch in dem ‚unvollendeten Werk’

1224 1822 948 33 zu Matthäus, ſodann bei Hugo von St. Victor und in

1214 1858 910 35 einzelnen Autos von Calderon, den Aehren der Ruth etc.

1331 1921 844 36 In der Herder’ſchen Verlagshandlung in Freiburg iſt

1223 1959 811 37 erſchienen und durch alle Buchhandlungen zu beziehen:

1266 2023 843 42 Handbuch der allgemeinen Religionswiſſenſchaft.

1224 2074 945 38 Für Studirende und ſtudirte Gebildete. Von Dr. theol. P. Hake.

1218 2112 945 37 Mit Approbation des hochw. Capitelsvicariats Freiburg. Erſter

1223 2151 607 34 Theil. gr. 8⁰. (VII u. 216 S.) 2 Mark.

1323 2209 837 41 In der Herder’ſchen Verlagshandlung in Freiburg

1212 2248 957 36 erſcheint in zweiter, vom Verfaſſer ſelbst durchgeſehener Auf⸗

1223 2283 828 39 lage und iſt durch alle Buchhandlungen zu beziehen die

1224 2322 936 65 Conciliengeſchichte. Nach den Quellen bearbeitet

1731 2357 441 35 von Carl Joſeph von Hefele,

1212 2392 951 36 der Philoſophie und Theologie Doctor, Biſchof von Rottenburg.

1215 2428 953 35 Erſter Band. gr. 8⁰. (X u. 844 S.) 9.60 Mark. Zweiter

1212 2466 963 33 Band. gr. 8⁰. (XI u. 963 S.) 10.40 Mark. — Der dritte bis

1217 2503 849 33 ſiebente Band erſcheinen nacheinander in zweiter Auflage.

1319 2536 847 36 Der Herr Verfaſſer ſagt im Vorwort zum erſten Band:

1223 2574 949 36 „Es ſind jetzt gerade achtzehn Jahre verfloſſen, ſeit der erſte

1214 2608 952 36 Band dieſer Conciliengeſchichte in erſter Auflage an’s Licht

1211 2643 954 37 trat. . . . Plan, Anlage und Charakter des Ganzen ſind übri⸗

1226 2677 945 41 gens die gleichen geblieben, und ich war im Unterſchied von der

1226 2716 933 38 frühern ſo zu ſagen atomiſtiſchen Manier in Behandlung der

1220 2751 939 38 Conciliengeſchichte bemüht, jede bedeutendere Synode als Glied

1214 2788 945 36 der ganzen kirchenhiſtoriſchen Entwicklung darzuſtellen und da⸗

1205 2824 958 36 mit ihr wahres Verſtändniß zu vermitteln. So iſt dieſe Con⸗

1221 2863 941 35 ciliengeſchichte vielfach nahezu eine Kirchen⸗ und Dogmengeſchichte

1226 2899 940 33 geworden, was ihr wohl nicht zum Nachtheile gereichen wird.

1211 2935 954 33 Wie bei der erſten Auflage, ſo habe ich auch jetzt vor Allem

1217 2971 948 36 darnach getrachtet, ohne vorgefaßte Meinung überall ruhig die

1211 3007 951 38 Quellen zu befragen und das darzulegen, was eine gewiſſenhafte

1214 3043 759 35 Forſchung in denſelben an Reſultaten ergeben hat.”

385 3091 1605 64 Verantwortlicher Redacteur Joſeph Köhler in Paderborn. — Druck von Franz Joſ. Urlichs in Aachen.
