2364 3351
1167 127 75 30 204

216 223 954 36 Oberöſterreich — Dr. Auguſtin Reslhuber, geb. am 5. Juli

216 258 947 37 1808. Im Jahre 1828 trat er in das Stift ein; ſpäter ſtudirte

209 295 948 35 er drei Jahre an der Wiener Univerſität und hörte bei Ettings⸗

216 328 942 38 hauſen und Littrow höhere Mathematik und Aſtronomie. 1847

210 361 948 41 übernahm er die Direction der allgemein berühmten Sternwarte

213 397 955 42 des Stifts, die in ihren weſentlichſten Theilen ſein Werk iſt,

210 435 954 39 und war zugleich bis 1854 als Prof. der Naturgeſchichte thätig.

210 469 953 41 Als er 1860 zum Abt gewählt wurde, behielt er doch die Lei⸗

210 505 953 41 tung der Sternwarte bei. Seine Leiſtungen auf dem Gebiete

206 541 948 41 der Aſtronomie, Meteorologie und des Magnetismus erwarben

203 579 960 37 ihm allſeitige Anerkennung und vielfache Auszeichnungen. Die

216 615 939 37 Akademie der Wiſſ. in Wien ernannte ihn 1853 zu ihrem correſp.

210 651 950 37 Mitgliede u. die Wiener Univ. 1865 anläßlich ihres Jubiläums

219 687 936 37 zum Ehrendoctor der Philoſophie. Auch dem politiſchen Leben

213 723 948 37 blieb er nicht fremd; 1861 ſtand er in der Reihe der Vertreter

210 759 954 37 des Großgrundbeſitzes im oberöſterreich. Landtage, wurde 1868

203 795 952 37 zum Landeshauptmann⸗Stellvertreter für Oberöſterreich und im

203 831 955 39 Dec. 1872 zum lebenslänglichen Mitglied des Herrenhauſes

207 867 953 37 ernannt. — Am 1. Oct. ſtarb zu Schöpfloch in Franken Hein⸗

210 903 956 37 rich Stadelmann, Prof. am Gymn. zu Speyer, ein feiner

203 939 960 37 Kenner antiker Dichtung und Nachbildner derſelben in deutſchen

222 975 935 37 Verſen ( ‚Aus Tibur und Teos’, 1868) ſowie ein Meiſter lateiniſcher

203 1012 951 36 Verſification (Uebertragung von Goethe’s römiſchen Elegien und

203 1047 954 37 Anderes). Seine ‚Sionsgrüße’ bieten altchriſtliche lat. Hymnen

203 1083 960 37 in deutſchem Gewande. — Der Univerſität Freiburg wurde am

203 1119 957 36 3. Oct. einer ihrer ausgezeichnetſten Lehrer durch den Tod ent⸗

209 1153 954 39 riſſen, der Phyſiker Dr. Johann Müller, geb. am 30. April

212 1186 939 42 1809 zu Kaſſel, älteſter Sohn des als Galeriedirector zu Darm⸗

202 1222 961 42 ſtadt im J. 1835 verſtorbenen Hiſtorienmalers Franz Hubert

210 1255 942 44 Müller, Bruder der bekannten Düſſeldorfer Hiſtorienmaler Andreas

204 1293 972 42 und Karl Müller. Nachdem er ſich bereits früher durch einige

203 1332 967 39 mathematiſche Lehrbücher einen Namen gemacht hatte, trat er

1238 231 955 37 1842, damals Reallehrer in Gießen, mit einem an Pouillet’s

1235 267 957 36 Eléments de physique ſich anlehnenden ‚Lehrbuch der Phyſiik

1235 303 957 36 und Meteorologie’ (2 Bde. mit Illuſtr.) auf, welches ſich

1238 339 946 36 bei ſtreng wiſſenſchaftlichem Charakter durch die Anſchaulichkeit

1230 375 957 34 ſeiner Darſtellung für Leſer von geringerer mathematiſcher Bil⸗

1244 411 940 34 dung auszeichnet und in einer Reihe von Auflagen (7. Aufl.

1241 447 949 33 1869) mit der Entwicklung der Wiſſenſchaft gleichen Schritt ge⸗

1238 483 954 34 halten hat. Zwei Jahre nach dem Erſcheinen dieſes Buches

1241 517 951 36 wurde Müller als Prof. der Phyſik an die Freiburger Hochſchule

1232 555 963 34 berufen, welcher er ſeitdem ununterbrochen angehört hat. Dem

1238 589 958 36 Lehrbuche folgte ein kurzgefaßter ‚Grundriß der Phyſik’ und

1247 624 939 37 Meteorologie’ (11. Aufl. 1872), mit einem ‚Mathematiſchen

1235 660 964 36 Supplementband’ nebſt ‚Auflöſung der Aufgaben’, ferner ‚Elemente

1232 696 955 36 der ebenen und ſphäriſchen Trigonometrie’, ‚Grundzüge der

1235 730 951 41 Kryſtallographie’ und ‚die conſtructive Zeichnenlehre’. Im J

1244 766 949 38 1856 erſchien ein lange und ſorgſam vorbereitetes ‚Lehrbuch der

1238 804 957 34 koſmiſchen Phyſik’ mit Illuſtrationen im Texte und einem Atlas.

1241 840 958 36 Auch dieſes Werk, das geiſtig umfaſſendſte und formell vollendetſte

1247 876 949 34 Erzeugniß der ſchriftſtelleriſchen Lehrthätigkeit Müller’s, iſt den

1247 912 943 34 Fortſchritten der Wiſſenſchaft, insbeſondere auch auf dem Gebiete

1241 948 954 34 der Spectralanalyſe, auf dem Fuße gefolgt, und bei ſtetiger

1235 984 963 36 Entwicklung in 4 Auflagen (4. Aufl. 1875) um das Doppelte

1232 1020 603 34 des urſprünglichen Volumens gewachſen.

1598 1144 231 33 Berichtigung.

1352 1198 847 36 Die in Nr. 8, Seite 153, Spalte 1, Anm. gebrachte

1245 1233 950 36 Mittheilung, daß die unter dem Titel ‚Iſt die kath. Kirche ſtaats⸗

1241 1270 954 36 gefährlich?’ erſchienene Ueberſetzung der Newman’ſchen Schrift

1236 1303 971 39 bereits vergriffen ſei und ein Neudruck veranſtaltet werde, beruht

1242 1341 282 36 auf einen Irrthum.

1073 1489 288 41 Büchertiſch.

359 1573 665 33 Encyclopädieen und Sammelwerke.

210 1612 957 35 Bibliothek, intern. wissensch. 16. Bd.: Die Chemie der Ge-

276 1648 900 38 genwart von J. P. Cooke. 8. Leipzig. Brockhaus.

278 1683 899 39 5 Mark, geb. 6. —

215 1720 945 35 Wurzbach, C. v., biographiſches Lexikon des Kaiſerthums Oeſter⸗

275 1755 877 36 reich. 30. Thl. gr. 8. Wien. Staatsdruckerei. 6. —

490 1802 400 38 Katholiſche Theologie.

209 1843 961 35 Bibliothek der Kirchenväter, hrsg. v. V. Thalhofer. 149.

285 1878 888 39 150. Lfg.: Chryſologus, ausgew. Reden. 4. u. 5. Lfg.

282 1911 884 40 151. 152.: Athenagoras, ausgew. Schr. 13. u. 14.

291 1950 876 39 Lfg. — 153.: Clemens v. Alexandrien ausgew. Schr.

282 1986 882 37 3. Lfg. — 154.: Laktantius ausgew. Schr. 1. Lfg.—

291 2022 876 37 155. 156.: Baſilius ausgew. Schr. 1. u. 2. Lfg. —

296 2059 870 38 157. 158.: Die Briefe der Päpſte. 1. u. 2. Lfg.

294 2097 872 36 gr. 16. à —. 40

225 2133 945 37 Hettinger, F., Apologie des Chriſtenthums. 1. Bd. 1. u. 2.

281 2170 880 36 Abth. 5. Aufl. gr. 8. Freiburg. Herder. 8. —

212 2206 951 36 Mühlhauer, W., Thesaurus resolutionum s. c. concilii, quae

284 2242 900 36 consentanee ad Tridentinorum pp. decreta aliasque can.

281 2278 895 36 iuris sanctiones prodierunt usque ad a 1874. Tom. II.

281 2316 894 34 Fasc. 11. gr. 4. München. Stahl. 3. —

219 2350 954 35 — Supplementum ad decr. authentica congreg. sacr. rituum etc.

293 2386 873 39 Tom. I. Fasc. 7. gr. 8. Ebendas. 2. 50

212 2422 961 39 Schmitt, J., Erklärung des mittlern Deharbe’schen Katechismus.

272 2460 888 36 3. Bo. 1. Abth. gr. 8. Freiburg. Herder. 8. —

494 2514 406 33 Akatholiſche Theologie.

218 2550 948 37 Corpus reformatorum. Vol. 42: J. Galvini Opp. quae

285 2586 891 37 supers. omnia. Ed. G. Baum, E. Cunitz, E. Reuss.

290 2622 868 34 Vol. XIV. gr. 4. Braunschweig. Schwetschke. 12. —

219 2655 950 37 Dächſel, A., die Bibel oder die ganze h. Schrift A. u. N. Teſta⸗

290 2692 879 36 ments. 10. 16. 23. 24. Heft u. Supplement  1 u. 2. (Doppel⸗

278 2727 892 37 Heft. Lex. 8. Breslau. Dülfer. à 1 Mark. Velinp. à 1. 40

222 2758 951 44 Frank, G., Geſch. der proteſt. Theologie. 3. Thl. gr. 8. Leipzig.

299 2797 876 39 Breitkopf u. Härtel. 8. —

228 2830 945 45 Haſe, K., Geſch. Jeſu. Nach akad. Vorleſungen. gr. 8. Ebendaſ.

1096 2877 89 27 9. —

216 2904 951 43 Heppe, H., Geſch. der quietiſtiſchen Myſtik in der kath. Kirche.

288 2940 890 40 gr. 8. Berlin. Beſſer. 9. —

216 2973 954 45 Riehm, E., die Meſſianiſche Weiſſagung. Ihre Entſtehung, ihr

284 3010 892 45 zeitgeſchichtl. Charakter u. ihr Verhältniß zur neuteſt. Er⸗

302 3049 883 42 füllung. gr. 8. Gotha. F. A. Perthes. 3. —

1241 1573 977 38 Zschimmer, W. A., Salvianus, der Presbyter v. Massilia,

1304 1611 886 39 und s. Schriften. 8. Halle. (Jena. Deistung.) 1. 50

1607 1654 219 45 Philoſophie.

1238 1701 957 34 Hartmann, E. v., J. H. v. Kirchmann’s erkenntnisstheore-

1323 1734 884 37 cischer Realismus. Ein krit. Beitrag zur Begründung des

1322 1768 867 39 transcendentalen Realismus gr. 8. Berlin. Duncker. 2. —

1248 1803 960 43 Hartsen, F. A. v., Grundriss der Philosophie. 1. Abth. gr.

1310 1839 879 43 8. Nordhausen. Förstemann 1. 50

1238 1875 966 40 Schmitz-Dumont, Zeit und Raum in ihren denknothwen-

1320 1911 872 42 digen Bestimmungen, abgeleitet aus dem Satze des Wider-

1320 1947 860 41 spruchs. I. gr. 8. Leipzig. Koschny. 2. —

1250 1983 963 43 Ulrici, H., Gott u. die Natur. 3. Aufl. gr. 8. Leipzig. Weigel.

2105 2030 108 32 15. —

1625 2059 186 47 Pädagogik.

1244 2101 965 45 Hartmann, E. v., zur Reform des höhern Schulwesens. gr.

1308 2136 899 43 8. Berlin. Duncker. 2. 25

1251 2173 950 42 Schmid, K. A., pädag. Handbuch. 2. Lfg. Gotha. Beſſer. 1. —

1574 2233 315 33 Naturwiſſenſchaft.

1248 2265 954 40 Altum, B., Forstzoologie. 3. Thl.: Insecten. 2. Abth. (Schluss).

1314 2302 897 39 gr. 8. Berlin. Springer. 8. —

1251 2337 956 43 Darwin, Ch., Reise e. Naturforschers um die Welt. gr. 8.

1320 2373 867 42 Stuttgart. Schweizerbart. 10. —

1245 2410 963 42 Hansen, P. A., über die Störungen der grossen Planeten,

1317 2445 892 41 insbes. Jupiter. Lex. 8. Leipzig. Hirzel. 6. —

1248 2484 959 39 Heis, E., Zodiacallicht-Beobachtungen in den letzten 29 Jah-

1319 2518 865 42 ren 1847–1873. gr. 4. Köln. Dumont-Schauberg. 2. —

1244 2557 963 38 Martin, Ph. L., die Praxis der Naturgesch. 1. Thl.: Paxi-

1322 2590 889 39 dermie. 2. Aufl. gr. 8. Mit Atlas. gr. 4. Weimar. Voigt. 6. —

1251 2626 957 41 Mietsch, H., Geologie der Kohlenlager. gr. 8. Leipzig. Quandt

1306 2664 906 38 u. Händel. 6. —

1248 2700 960 39 Mohr, F, Gesch. der Erde. Ein Lehrbuch der Geologie auf

1323 2736 881 40 neuer Grundlage. 2. Aufl. gr. 8. Bonn. Cohen. 10. 50

1242 2759 972 55 Pagenstecher, A., allg. Zoologie od. Grundgesetze des thie-

1314 2808 897 42 rischen Baues u. Lebens. 1. Thl. gr. 8. Berlin. Wiegandt,

1319 2845 870 41 Hempel u. Parey. 7. —

1260 2881 951 44 Perth, M., über das Seelenleben der Thiere. 2. Aufl. gr. 8.

1326 2919 888 39 Leipzig. Winter. 11. —

1247 2953 966 44 Radenhausen, C., Osiris. Weltgesetze in der Erdgeschichte.

1313 2991 902 40 2. Bd. gr. 8. Hamburg. Meissner. 10. —

1247 3027 960 43 Roscoe, H. E., kurzes Lehrbuch der Chemie. 5. Aufl. 8.

1316 3063 883 40 Braunschweig. Vieweg. 5. 50

426 3109 1589 57 Verantwortlicher Redacteur Joſeph Köhler in Paderborn. Druck von Franz Joſ. Urlichs in Aachen.
