2387 3365
1149 115 60 33 77

189 225 941 43 der Literatur namentlich bekannt durch ſein Lehrbuch der reinen

195 259 939 45 und techniſchen Chemie, am 13. in Fulda Domdechant Dr. La⸗

198 297 944 43 berenz, ein tüchtiger Orientaliſt, am 14. in Marburg der

192 333 942 43 Prof. des röm. Rechts Dr. C. Büchel, am 19. in Dresden

189 369 950 43 der vormalig Conrector der Kreuzſchule Dr. K. G. Helbig,

188 403 946 44 am 29. in Stuttgart, 75 Jahre alt, der als Ueberſetzer alt⸗

198 439 942 45 claſſiſcher Dichtungen (Sophocles, Euripides, Aeſchylus, Ariſto⸗

198 474 951 43 phanes, Pindar, Homer, Terenz, Plautus) und der Luſiaden

195 510 941 40 des Camoëns bekannte Prof. a. D. J. J. Chr. Donner als

203 547 943 39 Greis von 74 Jahren, am 30. März in Breslau der bekannte

200 582 940 40 Convertit Dr. David Auguſt Roſenthal, der ſich als

204 621 933 37 Schriftſteller beſonders durch ſeine in zwei Auflagen erſchienenen

203 655 937 39 ‚Convertitenbilder aus dem 19. Jahrh.’ einen Namen erworben

201 691 948 39 hat, am 1. April in Königsberg, 67 Jahre alt, der als Schrift⸗

195 727 948 41 ſteller und Lehrer hochverdiente Prof. der Mathem. Dr. F. J.

198 763 942 39 Richelot, am 4. April in Stuttgart im 38. Lebensjahre der

194 801 955 37 Africa-Reiſende Karl Mauch, am 7. April in Baden⸗Baden

192 838 839 36 der bekannte Dichter und Demokrat Georg Herwegh.

444 1044 465 36 Redactions⸗Correſpondenz.

309 1161 843 36 Leider ſind trotz aller Bemühungen, einen correcten Text

204 1195 945 39 herzuſtellen, auch in Nr. 3 ein paar ſehr unangenehme Druck⸗

213 1231 939 39 fehler ſtehen geblieben. Seite 45 Sp. 1 &. 15 v. o. iſt ſtatt

210 1269 945 36 ‚beſtätigt’ zu leſen: bethätigt. Seite 46 Sp. 2 &. 24 v. u.

213 1306 780 36 ſtand ſtatt ‚genügende’ im Manuſcript: zwingende.

321 1341 825 36 Herr Prof. Dr. Friedhoff hat der Redaction eine Erklä⸗

198 1375 960 38 rung gegen die in Nr. 2 der Rundſchau gebrachte Kritik ſeiner

207 1410 948 37 ‚Geſch. des A. u. N. B.’ zugeſtellt. Einer ſpaltenlangen Er⸗

204 1446 948 39 widerung konnte, in Uebereinſtimmung mit dem Erſuchen des

210 1480 942 41 Herrn Prof. Friedhoff, nur ein Platz im Inſeratentheile des

207 1515 941 39 Blattes eingeräumt werden. Der unten folgenden Gegenerklä⸗

200 1549 952 38 rung des Herrn Pfarrers Dr. Schulte haben wir nur dieſes

204 1581 947 40 hinzuzufügen: Ein opus omnibus numeris absolutum hat unſeres

206 1617 942 37 Wiſſens noch kein Sterblicher zu Stande gebracht. Wenn aber

215 1651 937 39 Herr Dr. Schulte ſeine längſt gehegte Abſicht, eine Geſchichte

207 1689 944 39 des israelitiſchen Volkes zu veröffentlichen, zur Ausführung

207 1726 954 38 bringen ſollte, ſo wird dieſelbe, wie keinen Augenblick zweifelhaft

204 1764 956 39 ſein kann, beweiſen, daß ihr Verfaſſer des Stoffes ſowohl wie

201 1807 414 33 der Form völlig Meiſter iſt.

1536 225 269 33 Gegenerklärung.

1317 285 836 45 Nach dem alten Grundſatze, daß dem Angegriffenen die

1209 321 941 49 Gegenrede unverwehrt ſein müſſe, glaubte ich das Anſuchen des

1215 358 933 48 Herrn Profeſſors Dr. Friedhoff um Abdruck der Erklärung

1209 396 947 46 bei der Redaction befürworten zu ſollen. Ich bedaure nur,

1212 429 944 49 daß ich mich auch nach dieſer ‚Erklärung’ außer Stand ſehe,

1218 465 938 48 irgend eine meiner Ausſtellungen zurückzunehmen. Von einer

1209 502 942 48 Fälſchung der Friedhoff’ſchen Darſtellung meinerſeits kann

1209 538 941 48 um ſo weniger Rede ſein, als Herr Profeſſor Friedhoff

1209 573 951 48 auch jetzt wieder das Verhältniß Gottes zu den Heiden ſo

1224 607 933 51 faßt, als habe eine beſondere Führung der Völker von Seiten

1221 646 939 47 Jehovahs ſtattgefunden. Ich bin der Meinung, daß der Herr

1215 682 942 47 ihnen ſeine Fürſorge nur dann und nur inſoweit zuwandte, wann

1221 717 933 46 und wie weit die Sorge für das jüdiſche Volk das erheiſchte.

1212 751 939 48 Im Uebrigen ‚gab er ſie hin an die Gelüſte ihres Herzens’,

1215 787 939 48 weil ‚ſie die Erkenntniß Gottes verwarfen’ und ‚die Wahrheit

1215 820 945 50 Gottes mit der Lüge vertauſchten’. Das iſt mir der Act der

1230 856 927 50 ſtrafenden Gerechtigkeit. — Die Stellung der Propheten betref⸗

1230 892 930 51 fend, bleibe ich dabei, daß ſie zum Hohenprieſterthume in kei⸗

1227 928 936 51 ner Abhängigkeit ſtanden. Jehovah beruft ſie und ihm allein

1224 964 933 51 ſind ſie verantwortlich. Ein Vergleich des hohenprieſterlichen

1217 1002 942 49 Amtes des A. B. mit dem päpſtlichen Primat iſt, ſoweit es ſich

1221 1033 939 53 um die lehramtliche Thätigkeit handelt, ſchlechthin unzuläſſig.—

1230 1075 930 48 Von Jacobs käuflich erworbenem Rechte auf die Primogenitur

1221 1111 942 47 habe ich nicht geſprochen: ich habe nur getadelt, daß die Lüge

1217 1146 949 48 Jacobs eben nicht Lüge genannt iſt. — Daß die Formen der

1218 1185 948 45 hebräiſchen Buchſtaben den Rückſchluß auf die Erfindung der

1215 1222 957 44 Buchſtabenſchrift durch Moſes verlangen oder auch nur geſtatten,

1218 1255 954 47 bleibt dem Verfaſſer zu beweiſen. Den von ihm in der Vor⸗

1230 1291 939 48 rede als Zeuge angerufenen Schriftſteller hatte ich nicht über⸗

1230 1327 939 48 ſehen; ich war aber bislang der Meinung, daß dieſer Eupole⸗

1227 1363 951 48 mus nach ſeinen Fragmenten bei Joſephus, Euſebius und Cle⸗

1229 1399 952 47 mens von Alexandrien als ein ‚wichtiger’ Schriftſteller nicht

1223 1438 942 44 bezeichnet werden kann. Bei der Frage über die Erfindung

1221 1473 944 43 der Buchſtabenſchrift kann ein unkritiſcher Schriftſteller aus den

1224 1506 957 46 Anfängen der Makkabäerzeit in keinem Falle mitreden. — Schließ⸗

1224 1542 941 42 lich beſtreite ich nicht, daß der Herr Verfaſſer noch ‚über viele

1230 1575 945 43 Punkte beſtimmte Anſichten entwickelt hat’. Hätte ich dieſelben

1224 1609 951 42 aber in den Kreis meiner Beſprechung gezogen, ſo würde ich

1221 1647 957 42 kaum günſtiger über ſie geurtheilt haben, als über die be⸗

1227 1695 267 34 ſprochenen Punkte.

1329 1734 479 39 Erwitte, den 10. März 1875.

1790 1782 288 31 Pfarrer Schulte.

1044 1931 292 91 Büchertiſch.

402 2079 576 37 Encyclopädieen. Sammelwerke.

198 2134 969 42 Bibliothek, internationale wissensch. 10. Bd. (Die Ortsbe-

279 2172 888 40 wegung der Thiere von J. B. Pettigrew.) 8. Leipzig.

275 2214 159 31 Brockhaus. 4.—

207 2242 954 47 Biographie, allg. deutſche. 2. u. 3. Lfg. gr. 8. Leipzig. Duncker

288 2275 885 45 u. Humblot. à 2. 40

213 2316 948 42 Rümelin, G., Reden u. Aufſätze. gr. 8. Tübingen. Laupp. 7. 40

489 2437 408 42 Katholiſche Theologie.

213 2503 957 44 Bach, J., Dogmengeschichte des Mittelalters. 2. Bd. gr. 8.

300 2538 873 42 Wien. Braumüller. ?. ?

215 2572 949 43 Fidelis a Fanna, ratio novae collectionis operum omn. S

288 2608 872 45 Bonaventurae. gr. 8. Taurini. (Leipz. Brockhaus’ Sort.)

1103 2643 69 33 3. 50

231 2680 948 48 Gury, J. P., Compend. theol. mor. Ed. noviss. multis cor-

291 2716 875 47 rectionibus aucta . . . . a R. P. Henrico Dumas.

290 2748 876 51 2 Voll. gr. 8. Freib. Herder. 10.—

231 2787 953 52 Hake, P., Handbuch der allg. Religionswiſſenſch. 1. Thl. : Die

306 2827 864 45 nat. Grundlagen der kath. Rel. und deren Gegenſätze. gr. 8.

296 2859 883 49 Ebend. 2. —

233 2895 945 51 Hefele, C. J. v., Conciliengeſchichte. 3. Bd. 2. Aufl. gr. 8.

297 2932 882 50 Ebend 10. 40

234 2970 939 48 Martin, C., das chriſtl. Leben. 2. Aufl. 8. Mainz. Kirchheim.

1106 3000 51 35 3. —

233 3039 952 49 Philippi a Ss. Trinitate Summa theologiae mysticae, cura

297 3075 888 51 R. P. Bertholdi Ignatii a S. Anna. 3 Voll. gr. 8.

297 3108 873 55 Freiburg. Herder. 20. —

1239 2058 935 43 Surius, Historiae seu vita Sanctorum. Vol. 1: Ianuarius.

1301 2091 873 48 gr. 8. Aug. Taur. Loescher. (Leipzig. Brockhaus’ Sort.)

2096 2125 45 33 10. —

1227 2161 948 47 Werfer, A., die Poeſie der Bibel. 8. Tübingen. Laupp. 3. 60

1515 2215 402 39 Akatholiſche Theologie.

1233 2248 942 50 Bleek, F., Einl. in das N. T. 8. Aufl., besorgt von W. Man-

1311 2281 863 51 gold. gr. 8. Berlin. G. Reimer. gr. 8. 13. 50

1233 2320 942 48 Bibel⸗Lexikon, herausg. v. D. Schenkel. 41. (Schluß⸗) Heft.

1319 2361 360 43 gr. 8. Leipzig. Brockhaus. 1. —

1229 2392 949 50 Hausrath, A., neuteſtamentl. Zeitgeſch. 2. Thl: Die Zeit der

1311 2428 828 48 Apoſtel. I. 2. Aufl. gr. 8. Heidelberg. Baſſermann. 9. —

1245 2464 933 50 Handwörterbuch des bibl. Altertums, herausg. von E. C. A.

1311 2500 876 47 Riehm. 2. Lfg. Bielefeld. Velhagen u. Klaſing. 1. 60

1245 2536 945 47 Wichelhaus, J, akad. Vorlesungen über das N. T, herausg.

1314 2572 824 47 von A. Zahn. 1. Bd. gr. 8. Halle. Fricke 3. —

1605 2616 212 40 Philoſophie.

1242 2664 939 48 Bergmann, J., zur Beurth. des Kriticismus vom idealiſtiſchen

1326 2698 840 44 Standpunkte. gr. 8. Berlin. Mittler. 3. —

1239 2734 954 50 Dieterich, K., Philosophie n. Naturwissenschaft, ihr neuestes

1323 2769 866 49 Bündniss u. die monistische Weltanschauung. 8. Tübin-

1328 2806 865 45 gen. Laupp. 1. 60

1248 2844 942 49 Hertling, G. Frhr. v., Grenzen der mechaniſchen Naturerklä⸗

1320 2880 390 43 rung. gr. 8. Bonn. Weber.

1245 2914 942 50 Pünjer, G. Ch. B, die Religionslehre Kant’s. gr. 8. Jena

1326 2947 867 48 Dufft. 2. 40

1248 2983 930 53 Spicker, G., Kant, Hume u. Berkeley. Eine Kritik der Er-

1323 3018 872 48 kenntnisstheorie. gr. 8. Berlin. Duncker. 4. 50

1260 3054 935 51 Walter, J, die Lehre von der prakt. Vernunst in der griech.

1316 3093 814 43 Philosophie. gr. 8. Jena. Dufft 11. —
