2353 3383
1182 124 33 30 32

210 223 962 39 kraft auf das deutſche Gemüth ausübte: die ganze gewal⸗

216 270 954 39 tige und nachdauernde Wirkung, womit das altdeutſche Lied

209 313 960 42 uns moderne Menſchen feſſelt und hinreißt, wäre nicht er⸗

219 360 948 39 reicht, wenn nicht noch ein bedeutſamer geiſtiger Factor

219 402 951 42 hinzuträte, welcher die eigenthümliche Schönheit jener Poe⸗

222 448 951 42 ſieen erſt vollendet. Es iſt dieſes nichts anderes als der Hauch

216 495 954 39 des lebendigen, innigen Glaubens, welcher durch dieſe Lie⸗

203 538 967 41 der zieht, wie der Frühlingswind über die erwachte, blü⸗

210 583 960 41 hende Natur. Es iſt das geheimnißvolle Licht dieſes Glau⸗

209 628 958 42 bens, welches dieſe Dichtungen ſo verklärt und durchgeiſtigt,

213 672 950 45 daß wir über dem Zauber dieſer überirdiſchen Anmuth,

210 715 956 45 wie vor einem altdeutſchen Gemälde, oder einem Giotto

204 762 963 45 und Fieſole, alle Schwächen und Unſchönheiten der Form

215 810 484 36 völlig überſehen und vergeſſen

318 855 842 43 Die werthvolle Sammlung Lindemanns beſtätigt

216 900 947 43 uns das aufs neue, und dieſes zwar um ſo unwiderlegbarer,

204 948 951 39 je glücklicher es dem rühmlich bekannten Literarhiſtoriker

207 991 954 39 gelungen iſt, ſeine Auswahl mit aller Umſicht und mit ſel⸗

215 1036 945 42 enem Geſchmack zu treffen. Dabei fehlt es nicht an Manch⸗

216 1080 942 40 faltigkeit. Der erſte Abſchnitt bringt geiſtliche Lieder und

203 1123 960 42 Sprüche der Minne⸗ und Meiſterfänger, der zweite Kirchen⸗

201 1170 953 40 lieder und geiſtliche Volkslieder, dann folgen Lieder und

203 1213 949 42 Dichtungen der Myſtiker, Legenden, Dramatiſches und

203 1258 961 44 Sprüche. Als Anhang iſt aus dem jüngeren Titurel die

204 1302 962 46 Beſchreibung des Graltempels gegeben. Anmerkungen

216 1350 314 40 ſchließen das Ganze.

315 1396 849 41 In dem erſten Abſchnitte begegnen uns unter dem

197 1437 963 43 vielen Schönen, was hier geboten wird, zwei prächtige rit⸗

204 1485 894 40 terliche Kreuzfahrerlieder von Hartmann von der Aue.

306 1531 624 38 In dem einen ſingt der Minneſänger:

401 1599 553 40 Die Welt, ſie lacht mich tröſtlich an

410 1639 225 36 Und winket mir,

413 1672 493 42 Und ich, ein unbefangner Mann,

413 1708 211 35 Ich folgte ihr.

420 1746 507 39 Ihr Locken hab’ ich manchen Tag

413 1777 238 38 Mit Luſt gehört,

413 1815 489 40 Wo Niemand Treue finden mag,

407 1852 295 35 Lauſcht’ ich bethört.

419 1888 412 38 Nun hilf mir, Herre Chriſt,

416 1921 397 39 Wohl vor des Teufels Liſt,

416 1957 402 39 Daß ich mich ſein entſchlage

404 1996 537 39 Mit deinem Zeichen, das ich trage.

312 2061 840 46 Auch die Spruchweisheit Reinmars von Zweter iſt

189 2106 288 39 trefflich vertreten.

396 2175 560 43 Guter Wunſch zu gutem Ende.

290 2221 559 36 Es wohnt ein Wunſch uns Allen bei,

303 2257 654 44 Daß Gott uns mög‘ ein gutes Ende geben.

303 2295 492 36 der Wunſch iſt gut; daß aber ſei

303 2328 612 40 Das Ende gut, ſei gut zuvor das Leben.

299 2367 795 42 Gott mag auch geben ſchlechter Bahn ein gutes Ziel,

308 2404 844 44 Ich glaub’ es wohl, doch wär’ es nur gewonnen Spiel;

305 2437 319 39 Wir aber wollen eben,

299 2470 496 42 Wo auf dem Spiele ſtehl ſo viel,

294 2505 513 45 Uns in die Wagniß nicht begeben.

300 2572 854 53 Unter den Kirchen⸗ und geiſtlichen Volksliedern fehlt

198 2617 944 51 natürlich das merkwürdige Lied ‚Media in vita’ nicht. Was

192 2664 944 49 aber in dieſer Abtheilung beſonders anziehend erſcheint

189 2707 966 50 das ſind die Contrafacturen, welche das weltliche Lied in

186 2754 963 48 ein geiſtliches umſetzen, eine Parodie oder Traveſtie im

198 2800 951 47 guten Sinne. Ohne Zweifel wurden alle dieſe Lieder nach

192 2845 960 48 der Melodie des betreffenden profanen Gedichtes geſungen.

195 2890 960 47 Wie innig klingen z. B. in dem Mailied (S. 216) die

195 2937 164 37 Strophen:

1491 225 393 39 Ich weiß mir einen Maien

1479 262 348 38 In dieſer heiligen Zeit,

1488 297 369 42 Der Maie, den ich meine,

1491 336 311 37 Ewige Freud’ verleiht.

1475 406 376 41 Der Maie, den ich meine,

1485 444 327 36 Das iſt der zarte Gott,

1485 480 384 36 Der hier auf dieſer Erden

1478 517 360 33 Gelitten manchen Spott.

1481 586 375 36 Geh’n wir zu dem Kreuze,

1469 625 459 38 Und nehmen des Maien wahr!

1473 660 360 36 Er hat gar rothe Blüte,

1476 699 393 33 Den uns die Magd gebar.

1338 774 845 40 In den folgenden Gedichten der Myſtiker finden wir

1241 817 945 39 Vortreffliches von Tauler, Suſo und Heinrich von Laufen⸗

1233 864 951 39 berg. Auch das größere myſtische Gedicht: ‚Die Tochter

1241 909 936 37 Sion oder die minnende Seele’ iſt hier aufgenommen. Eine

1224 954 965 40 kleine aber werthvolle Perle iſt das Lied vom Scheiden:

1433 1029 559 42 Das Scheiden iſt wohl hohe Gnad’:

1446 1065 461 37 Wer’s mit Geduld kann tragen,

1445 1102 537 42 Der wandelt auf der Minnen Pfad,

1439 1141 411 35 Der ſcheidet ſonder Klagen.

1440 1209 543 42 Doch Scheiden iſt ein bittrer Fund,

1440 1248 419 37 Das hab ich wohl erfahren;

1449 1285 584 38 Das Scheiden hat mein Herz verwund’t

1448 1324 384 33 In meinen jungen Jahren.

1340 1399 846 39 Unter den Legenden finden wir auch die Sage des Theo⸗

1229 1447 952 38 philus, jenes mittelalterlichen Fauſt. Der dramatiſche Theil

1223 1489 954 41 enthält nur zwei, aber ſehr bedeutende Stücke: eine ‚Marien⸗

1221 1533 956 40 klage’ aus dem 13. Jahrhundert von einfacher, aber darum um

1229 1579 951 39 ſo tiefer gehender elegiſcher Stimmung, und das merkwür⸗

1227 1626 951 39 dige Eiſenacher ‚Spiel von den zehn Jungfrauen’ aus dem

1220 1671 960 40 14. Jahrhundert mit ſeinen überaus draſtiſchen Scenen.

1229 1713 948 40 Man erkennt leicht, daß ſolche dramatiſche Vorſtellungen

1217 1758 960 40 bei nur einigermaßen guter Ausführung von einer nachhal⸗

1224 1803 956 40 tigen Wirkung geweſen ſein müſſen, mit welcher ſich der

1214 1849 960 41 Knalleffect unſerer modernen Schauſtücke gar nicht ver⸗

1217 1896 201 36 gleichen läßt.

1319 1942 840 36 Zum Schluſſe ſetzen wir aus der trefflichen Samm⸗

1227 1986 950 39 ung der Sprüche noch einen der ſchönſten her, in welchem

1218 2031 960 40 ſich wahre und practiſche Lebensweisheit altdeutſcher Zeit

1221 2079 114 33 ſpiegelt.

1440 2124 287 40 Zeit verlieren ſelten,

1436 2161 478 38 Nicht widerſprechen und ſchelten,

1425 2196 474 37 Und in dem Leiden Dankbarkeit —

1425 2232 551 40 Das bringt uns zur Vollkommenheit.

1332 2307 839 46 Manche werden vielleicht an den Ueberarbeitungen,

1224 2358 941 37 Kürzungen und ſonſtigen Aenderungen, welche der Ver⸗

1224 2403 936 37 faſſer vornahm, Anſtoß nehmen, Aber es handelt ſich ſelbſt⸗

1218 2445 947 43 verſtändlich bei dieſer Sammlung nicht um ein kritiſches

1211 2493 964 42 Quellenwerk, ſondern um eine anſprechende Anthologie,

1215 2538 956 40 welche in den weiteſten Kreiſen Verbreitung finden ſoll.

1212 2583 966 40 Dieſe iſt einem ſo anerkennenswerthen Werke wohl zu

1214 2628 955 37 wünſchen, welches auch ſeiner äußern Ausſtattung nach der

1214 2671 964 39 Verlagshandlung von Herder in Freiburg alle Ehre macht.

1218 2716 948 39 Wir empfehlen daher dieſe werthvolle Gabe allen Jenen,

1215 2761 957 41 welche in der Poeſie nicht Sinnenrauſch und krankhafte

1218 2808 942 36 Träumereien ſuchen, ſondern neben dem äſthetischen Ge⸗

1211 2854 966 39 nuſſe auch Belehrung und Erbauung, wie es das wahrhaft

1212 2899 882 39 Schöne ſeinem innerſten Weſen nach ſtets bieten muß.

1823 2955 246 37 W. Molitor.
