2340 3385
1172 159 60 30 15

203 261 964 33 Septuaginta, ſind weltbekannt. Die literariſche Fruchtbarkeit

212 297 952 34 Tiſchendorf's, verbunden mit einer großen Akribie, erſcheint um

212 333 946 33 ſo ſtaunenswerther, wenn man bedenkt, wie viele Zeit ſeine

210 369 954 34 zahlreichen und weiten Reiſen in Anſpruch nahmen. Auf der

215 403 946 35 Univerſität Leipzig 1834—38 vorgebildet und ebenda 1840 als

215 439 946 35 Docent habilitirt, fand er ſeinen wahren Beruf doch erſt, als

210 475 951 35 es ihm gelang, mit einer Unterſtützung der ſächſiſchen Regierung

213 511 938 36 (1840) nach Paris, weiter durch England, Holland, die Schweiz

216 547 938 35 ſogar bis Aegypten, den Klöſtern der Nitriſchen Wüſte, nach dem

200 583 964 35 Sinai, Paläſtina etc. zu reiſen, um überall alten noch unbekannten und

213 619 951 35 undurchforſchten Handſchriften der Bibel nachzuſpüren. Eine

203 655 957 35 Menge der werthvollſten Funde lohnte ſeine Mühen. Weitere

204 691 951 36 Forſchungsreiſen, darunter zwei nur in den Orient, unternahm

206 727 954 36 er in den Jahren 1849—59, die letzte auf Koſten der kaiſerlich

206 762 948 36 ruſſiſchen Regierung. Auf dieſer entdeckte er den berühmten

212 799 942 35 Codex Sinaiticus, die älteſte griechiſche Handſchrift der Bibel.

197 837 963 33 Dieſelbe wurde auf Koſten des Kaiſers Alexander II. zum tau⸗

1236 262 950 33 ſendjährigen Jubiläum des ruſſischen Reiches (1862) in vier

1241 297 937 34 5oliobänden veröffentlicht. Als Apologet ist er auch mehrfach

1229 333 958 34 für den Inhalt der Bibel aufgetreten. Durch Tiſchendorfs

1232 369 954 34 ‚Reiſe in den Orient’ (1846) fand ſich der Fragmentiſt Fall⸗

1224 405 963 33 merayer zu einer bittern, großentheils perſönlich ſatiriſchen Re⸗

1235 441 945 33 cenſion veranlaßt, welche von jenem mit Stillſchweigen beant⸗

1229 477 957 33 wortet wurde. 1862 erſchien: ‚Aus dem heiligen Lande’. Ti⸗

1248 513 942 34 ſchendorfs letztes Werk iſt die Textesrecenſion der Pſalmenüber⸗

1235 549 951 34 ſetzung des h. Hieronymus, welche zuſammen mit dem von Baer

1226 585 960 34 beſorgten maſorethiſchen Texte 1874 von Delitzſch herausgegeben

1235 619 942 36 iſt. Eine bis zum Jahre 1862 reichende Ueberſicht der litera⸗

1232 657 951 34 riſchen Thätigkeit des Mannes haben wir in der Schrift von

1226 691 960 38 Volbeding: ‚Conſtantin Tiſchendorf in ſeiner 25jährigen ſchrift⸗

1229 729 948 34 ſtellerischen Wirkſamkeit’. Noch ſei erwähnt, daß Tiſchendorf es

1226 763 961 36 war, der 1856 den Fälſcher Simonides entlarvte, von dem nam⸗

1238 801 942 36 hafte Gelehrte in England und Deutſchland ſich hatten beſchwin⸗

1233 837 153 33 deln laſſen.

1037 945 302 78 Büchertiſch.

470 1047 409 67 Katholiſche Theologie.

204 1134 678 31 Acta s. sedis in compend. redacta et ill. Vol. 8. Fasc. 1.

281 1170 339 33 gr. 8. Regensb. Pustet. pro cplt. 13 M.

209 1207 945 32 Danko, J., divum Hieronymum oppido Stridonis . . . anno

275 1243 880 32 331 p. Chr. natum esse. gr. 4. Mainz. Kirchheim. 4 M.

209 1278 939 34 Gury, J. P., Comp. theol. mor. Cum annott. A. Ballerini.

282 1312 579 38 Ed. 3. Tom. I. gr. 8. Regensb. Manz.

731 1351 420 32 pro tom. 1. und 2. 16,50 M.

203 1386 945 34 Mühlbauer, W., Decreta authent. congr. ss. ritnum. Suppl.

276 1422 630 34 Tom. I. Fasc. 5. gr. 8. München. Stahl. 2,50 M.

266 1459 885 32 — Thesaurus resolutionum s. c. concilii quae consentanee ad

278 1495 871 35 Trident. patrum decreta. . . prodierunt usq. ad a. 1872.

279 1531 459 33 Tom. 2. Fasc. 9. gr. 4. Ebend. 9 M.

197 1567 846 33 Nilles. N., de rationibus festorum ss. Cordis Iesu et puriss.

279 1602 744 31 Cordis Mariae e fontibus iuris can. erutis. Ed. 4. Tom.

269 1635 607 31 I. Lib. 1. et 2. 8. Innsbruck. Wagner. 6 M.

191 1669 841 33 Theiner, A., Acta genuina ss. conc. Trid. Vol 1. und 2.

275 1708 589 33 Hoch 4. Leipzig. Breitkopf u. Härtel. 80 M.

455 1771 432 35 Akatholiſche Theologie.

204 1827 806 33 Corpus reformatorum. Vol. 41. J. Calv. Opera. Vol. 13.

269 1863 655 36 gr. 4. Braunschw. Schwetschke und Sohn. 12 M.

203 1900 846 33 Hilgenfeld, A., hist. krit. Einleitung in das N. T. gr. 8.

278 1935 202 31 Leipzig. Fues. 13 M.

194 1969 951 35 Keil, C. F., Commentar übor die Bücher der Makkabaeer

272 2002 547 38 gr. 8. Leipz. Dörffling und Franke. 8 M.

195 2038 947 36 und Delitzsch, F., bibl. Comm. über das A. T. 4. Thl.

272 2073 778 37 Poëtische Bücher. 4. Bd. Hohes Lied und Koheleth. gr. 8.

270 2109 81 31 Ebend. 8 M.

191 2146 961 36 Langen, J., die Kirchenväter und das N. T. gr. 8. Bonn, Weber.

1107 2188 45 30 5 M.

197 2217 951 37 Neander's, A., Werke. 14 Bd. Gotha. F. A. Perthes. 1,20 M.

558 2274 218 37 Philoſophie.

198 2325 918 37 Bibliothek philos., Herausg. v. J. H. v. Kirchmann 212. —

270 2361 887 37 214. Heft (Cicero, Lehre der Akad.). 8. Berlin. Koschny.

1002 2400 144 33 à 0,50 M.

195 2431 957 41 Dühring, E., Cursus der Philos. als streng wissensch. Welt-

264 2469 882 39 anschauung und Lebensgestaltung. 2. Lfg. gr. 8. Leipz.

263 2509 123 33 Koschny. 3 M.

188 2539 955 42 Spencer, H., Grundlagen der Philos. Autoris. deutsche Ausg.

266 2575 696 39 v. B. Vetter. gr. 8. Stuttgart. Schweizerbart. 12 M.

191 2611 961 39 Stein, H. v., sieben Bücher zur Gesch. des Platonismus. 3.

264 2648 882 37 und letzter Theil. gr. 8. Göttingen. Vandenhoeck und

264 2692 138 30 Ruprecht. 8 M.

186 2718 957 46 Zeller, E., die Philosophie der Griechen in ihrer geschichtl.

267 2755 759 41 Entwicklung dargest. 2. Thl. 1. Abth. 3. Aufl. gr. 8.

264 2802 176 31 Leipz. Fues. 12 M.

569 2832 198 33 Pädagogik.

203 2881 933 42 Grasberger, L., Erziehung und Unterricht im klass. Alterth

251 2913 477 48 2. Thl. gr. 8. Würzburg. Stahel. 9,40 M.

195 2952 951 42 Menzel, R., Wandtafeln für d. physik. Unterricht. 3. Lfg. qu.

273 2991 383 39 Fol. Breslau. Morgenstern. 3 M.

192 3022 948 45 Real⸗Encyclopädie des Erz.⸗ und Unterrichtsweſens nach kathol.

269 3058 877 44 Principien. Bearb. und herausg. v. H. Rolfus und A.

264 3097 869 42 Pfiſter. 2. Aufl. 4. Bd. 4. und 5. Lfg. gr. 8. Mainz

258 3144 186 36 Kupferberg. à 1,65 M.

1223 1071 957 33 Wieſe, L., das höhere Schulweſen in Preußen. Hiſt.⸗ſtatiſtiſche

1292 1108 891 30 Darſt. 3. Bd. (1869–73.) gr. 8. Berlin. Wiegandt und

1295 1143 111 34 Grieben. 9 M.

1541 1194 327 34 Naturwiſſenſchaft.

1220 1260 955 33 Fliedner, C., Lehrbuch der Phyſik. 1. Thl. Die Phyſik der Ma⸗

1302 1296 639 31 terie. gr. 8. Braunſchw. Vieweg und Sohn. 4 M.

1235 1332 955 31 Hallier, E., Deutschlands Flora. 9. Aufl. 76.—80. Lfg. Hoch 4.

1305 1368 216 33 Leipz. Baensch. à 3 M.

1220 1404 871 34 Jaeger, G., in Sachen Darwin's insbes. contra Wigand. gr. 8.

1301 1438 315 33 Stuttg. Schweizerbart 5 M.

1227 1473 747 39 Landois, H., Thierſtimmen. gr. 8. Freib. Herder. 3 M.

1223 1512 846 36 Lorſcheid, J., Lehrbuch der organ. Chemie. gr. 8. Freib. Herder.

2060 1526 132 54 3,60 M.

1221 1581 860 37 Naturkräfte, die. Eine naturwiſſ. Volksbibliothek. 13. Bd. (Me⸗

1290 1617 888 36 chanik des menſchl. Körpers von J. Kollmann.) 8. Mün⸗

1299 1648 239 33 chen, Oldenbourg. 3. M.

1233 1683 944 42 Quenstedt, F. A., Petrefactenkunde Deutschlands. 1. Abth.

1296 1723 803 38 4. Bd. 7. Host. gr. 8. Mit Atlas. gr. 4. Leipz. Fues.

2105 1745 73 52 10 M.

1229 1798 852 38 Ruß, K., die fremdländiſchen Stubenvögel. 1. Lfg. gr. 8. Han⸗

1292 1831 229 33 nover. Rümpler. 3 M.

1229 1867 954 38 Strecker’s kurzes Lehrbuch der org. Chemie von J. Wisli⸗

1305 1905 870 37 cenus. 6. Aufl. 2. Abth. 8. Brauſchweig. Vieweg und

1289 1942 889 39 Sohn 4 M.

1371 2011 657 36 Geſchichte. Biographie. Memoiren.

1223 2064 957 42 Bancroft, G., History of the United States. Vol. 10. gr. 8.

1298 2100 879 37 Boston. (Brockhaus Sort. in Leipz.) 6 M.

1217 2137 945 36 Bancroft, G., Geſch. der Vereinigten Staaten v. Nordam

1295 2172 879 39 Deutſch v. A. Bartels. 9. u 10. Bd. gr. 8. Leipz. Wigand.

1287 2205 897 37 Bd. 9. Mark 8. Bd. 10 M. 7. 15 M.

1223 2244 948 34 Becker's, K. Fr., Erz. aus der alten Welt. 13. Aufl. herausg. v.

1289 2277 877 36 Maſius. 3 Bde. 8. Halle. Waiſenh. 6 M.

1218 2314 966 36 Duncker, M., Geſch. des Alterth. 2. Bd. 4. Aufl. gr. 8. Leipz.

1286 2349 882 37 Duncker und Humblot. 10 M.

1223 2383 951 39 Fontes rerum bohemicarum. Tom. II. Cosmae chronicon

1292 2421 885 40 Boëmorum cum continuatoribus. Fasc. 3. gr. 4. Prag. Gregr

1287 2458 881 36 und Dattel. 2,60 M.

1217 2493 960 39 Gentz, F. v., Tagebücher. 4. (Schluß⸗) Bd. gr. 8. Leipz. Brock⸗

1292 2529 874 36 haus. 8 M.

1208 2563 960 41 Gerlach, F. D., die Verf. der röm. Republik v. d. Gracchen

1284 2598 888 39 bis auf J. Caesar. gr. 4. Basel. Schneider. 1,50 M.

1208 2634 973 40 Guerre, la, franco-allemande de 1870—71. Redigé par la

1286 2668 879 39 section historique du Grand état-major prussien. 1. Partie.

1283 2706 889 39 5 et 6. livr. gr. 8. Berlin. Mittler und Sohn 8,20 M.

1218 2742 954 40 Keck, Kallſen und Sach, Bilder aus der Weltgeſch. 2. Thl.

1286 2778 877 39 Bilder aus d. Mittelalter v. O. Kallſen. gr. 8. Halle.

1293 2814 885 39 Waiſenh. Geb. 2 M.

1205 2850 967 39 Keym, F., Prinz Eugen v. Savoyen. Nach A. Arneth bearb.

1286 2884 892 39 (Hiſt. Bildniſſe. IV. Serie 1.) 8. Freiburg. Herder. 1. 50 M.

1208 2920 969 39 Kremer, A. v., Culturgesch. des Orients unter den Chali-

1277 2955 898 40 fen. 1. Bd. gr. 8. Wien. Braumüller. 12 M.

1202 2994 969 37 Mayer, J. M., Geſch. Bayerns. Lex. 8. Regensb. Manz.

2088 3034 84 30 12 M.

1205 3063 967 37 Mendelsſohn⸗Bartholdy, K., Geſch. Griechenlands. 2. Thl.

1293 3100 870 38 Staatengeſch. der neueſten Zeit. 20. Bd.) gr. 8. Leipz.

1283 3138 889 36 Hirzel. 8 M.
