2365 3351
1189 144 38 33 122

185 247 967 45 insbeſondere des derſelben zu Grunde liegenden und ſie durch⸗

192 283 954 42 waltenden geometriſchen Princips. Man vergleiche das 5. Ka⸗

195 321 962 42 pitel des IV. Bandes mit den bezüglichen Abhandlungen von

207 357 944 40 Reichensperger in deſſen vermiſchten Schriften über chriſtliche

198 393 953 40 Kunſt S. 55—72 und S. 125—133. Eine neue Ausgabe

200 427 958 41 von Schnaaſe’s Kunſtgeſchichte iſt unter Mitwirkung von Lützow,

197 463 949 42 Friederichs, Rahn, A. Schulz, Lübke, Moltmann in den Jah⸗

212 501 939 39 ren 1865 bis 1874 erſchienen. —Mit Johann Adam

203 537 958 37 Klein, der am 21. Mai ſtarb, iſt der Neſtor der Münchener

209 573 937 37 Künſtler geſchieden, geb. am 24. Nov. 1792 in Nürnberg. Die

212 609 939 37 Periode ſeines künſtleriſchen Werdens und ſeines erſten Schaffens

210 645 948 37 verlebte er in Nürnberg und Wien, ſiedelte dann nach einem

206 679 952 39 kurzen Aufenthalte in Ungarn (1817) nach Rom über, wo er

212 715 946 41 dem damaligen Kronprinzen Ludwig von Bayern vorgeſtellt

212 751 946 41 wurde. Der bayeriſchen Hauptſtadt gehörte er ſeit 1837 an. Er

201 789 948 40 malte zahlreiche Oel⸗ und Aquarell⸗Bilder, größtentheils Thier⸗

203 825 958 39 und Genreſtücke; ſeinen Ruhm verdankt er aber hauptſächlich

210 859 945 41 ſeinen zahlreichen, durch Schärfe der Characteriſtik der Men⸗

213 895 951 42 ſchen und Thiere, durch glückliche Verbindung des Landſchaft⸗

209 933 951 39 lichen mit der Hauptdarſtellung und Präciſion der Behandlung

207 966 944 43 ſich auszeichnenden Radirungen. — Am 22. Mai ſtarb in Stutt⸗

215 1005 946 39 gart im 63. Lebensjahre der Prof. am königl. Gymnaſium Dr.

210 1041 948 40 Reuſchle, ein ausgezeichneter Mathematiker. Er wurde ‚ohne

209 1077 945 39 den Segen der Kirche’ beſtattet. ‚Dem Verſtorbenen war es zu

203 1110 960 43 gönnen,’ meint der ‚Beobachter’, ‚daß er noch im Tode eine

204 1147 960 39 neue Bahn des Fortſchritts eröffnete’. — Am 25. April ſtarb

216 1183 945 41 in Berlin der Profeſſor St ats⸗ und Cameralwiſſ. Dr. Ernſt

216 1219 951 38 Helwing, am 24. Mai ebendaſ. der Prof. der Medicin Dr.

209 1254 954 37 Traube, am 29. Mai in Tübingen der Prof. der proteſt.

210 1291 951 38 Theologie Dr. Palmer. — Die kirchlichgeſinnte Preſſe Frank⸗

222 1324 936 42 reichs betrauert in dem am 2. oder 3. Juni im Alter von 40

218 1359 945 45 Jahren verſtorbenen Armand Ravelet einen ihrer ausge⸗

222 1395 944 43 zeichnetſten Vertreter, die Kirche einen ihrer begeiſtertſten Söhne.

213 1431 944 43 R. war Advocat am Pariſer Appellhofe. Durch ſeine Kenntniſſe

216 1467 947 43 und ſeine glänzenden Talente für einen hohen Poſten in der

210 1503 953 43 Verwaltung befähigt, zog er aus Liebe zur katholiſchen Sache

216 1539 947 43 das mühſame und undankbare Amt eines Journaliſten vor.

219 1575 957 45 1865 trat er in die Redaction des Monde ein und übernahm

213 1611 954 43 vor wenigen Jahren die oberſte Leitung. Er hat an der treff⸗

209 1650 954 42 lichen und insbesondere auch maßvollen Haltung des Blattes

210 1686 959 42 weſentlichen Antheil; er hat ſich bei ſchwachem, brechlichem Körper für

231 1719 932 43 ſeine Lebensaufgabe geopfert. In einem Nachrufe, den ihm ſein

230 1753 946 42 Freund Léon Gautier widmet, heißt es: ‚Sans qu’il osât s’en douter,

210 1788 963 43 il était depuis longtomps un excellent journaliste. II possé-

216 1825 954 42 dait, sans le savoir, les qualités les plus exquises et les plus

216 1860 957 43 rares entre toutes celles qui sont nécessaires pour cette très-

225 1896 947 43 noble et très-nécessaire fonction. II avait la finesse et la pé-

224 1933 951 41 nétration; il avait la facilité; il avait la fécondité. Certes,

210 1971 959 40 il m’a été donné de voir et d’étudier de près un grand nombre

225 2007 957 40 de belles et fécondes intelligences; mais je n’en ai jamais vu

221 2043 957 39 où les idées abondassent et surabondassent à ce point. II en

222 2079 953 40 avait vingt on trente à la minute. Elles lui montaient au

219 2115 956 40 cerveau comme un flot magnifique dont il faillait seulement

221 2151 963 40 régler l’impétuosité admirable. Lui soumettait-on une question

230 2188 949 42 politique on réligieuse, soudain, ses yeux étincelaient douce-

219 2223 963 43 ment. D’un premier coup-d’œil il apercevait tous les côtés du

221 2260 960 44 problème; il en découvrait tous les corollaires; il en prévoyait

1212 238 956 38 tous les développements. Une idée incomplète et à peine ébau-

1223 274 946 38 chée, qu’on lui soumettait par hasard, devenait sur-le-champ,

1217 310 963 38 dans son esprit, la source de cent autres idées qui étaient

1218 345 959 37 complètes et claires. Au point de vue administratif, il n’était

1235 381 942 39 pas doué moins richement qu’au point de vue littéraire ou

1223 417 948 39 philosophique, et l’on peut dire qu’il y avait en Iui l’étoffe

1217 453 960 39 ample d’un homme d’Etat. Durant les dernières années de sa

1220 489 951 39 vie, nous l’avons vu, avec une admiration douloureuse, faire

1217 525 961 39 au Monde l’office d’administrateur et celui de rédacteur en

1226 561 948 39 chef. Ses pauvres frêles épaules courbaient maériellement

1227 598 951 36 sous ce double poids; mais l’âme forte et radieuse prenait le

1224 633 945 37 dessus et planait, et il souriait en se sacrifiant. Nous vou-

1236 669 945 37 lions l’arrêter, et ce bon sourire avait toujours l’air de nous

1224 705 959 39 dire: „Vous voyez que ce n’est rien, et que je ne me fatigue

1241 741 937 37 pas.” Helas!’ Ravelet iſt auch Verfaſſer mehrerer Schriften: Traité

1227 777 945 37 des Congrégations réligieuses, Code des lois civiles ecclésia-

1232 813 949 39 stiques, und der Histoire du Vénérable. J. B. de la Salle

1239 850 938 36 (Stifters der Congregation der chriſtl. Schulbrüder), welche ſein

1227 885 950 40 Hauptwerk bleiben wird Am 4. Juni ſtarb in Stuttgart

1226 922 954 36 Eduard Mörike, geb. 1804 in Ludwigsburg, eine Zeit lang

1229 958 954 36 Pfarrer bei Weinsberg, ſpäter Gymnaſiallehrer In Stuttgart,

1227 994 954 36 ein Dichter von großer Vielſeitigkeit, der am größten vielleicht

1230 1029 950 37 da iſt, wo er das Detail der Empfindung, der Natur und des

1241 1065 948 37 ſchwäbiſchen Volkslebens malt. Seine Hauptwerke: Gedichte (1838

1241 1102 940 36 zuerſt erſch.), Maler Nolten (Roman, 1832), Idylle am Bodenſee

1241 1137 937 37 1846), Stuttgarter Hutzelmännlein (1863), Mozart auf der Reiſe

1230 1173 948 37 nach Prag (Novelle, 1856). — Am 6. Juni ſtarb in Paris Graf

1241 1209 931 37 Charles de Rémuſat, Mitglied der Academie, unter Thiers’

1232 1245 955 39 Präſidentſchaft Miniſter des Aeußern, als Schriftſteller durch

1235 1281 952 39 philoſophiſche und literariſche Arbeiten von großer Formvollen⸗

1238 1323 187 34 dung bekannt.

1472 1479 481 33 Redactions⸗Mittheilungen.

1353 1533 834 34 Χρ. in K. Ihr Artikel findet in Nr. 7 Aufnahme. Herz⸗

1238 1569 945 36 lichen Dank. — Herrn G . . . I in St. P. Besten Dank. Ant⸗

1235 1611 286 34 wort nächſter Tage.

1349 1642 847 38 In Nr. 4 der ‚Rundſchau’ S. 64 Sp. 2 heißt es: ‚Leit⸗

1242 1677 953 40 ner veröffentlichte die Schrift ‚Ein Wort über den Gegenſtand

1236 1713 959 37 der Andacht zum h. Herzen Jeſu’, die veranlaßt wurde durch

1242 1749 956 37 P. Jungmann’s „Fünf Fragen über die Andacht zum göttlichen

1245 1785 944 36 Herzen Jeſu”. Er bekämpft darin die von dem Letzteren

1248 1822 945 33 vertretene Anſicht, das Object dieſer Andacht ſei

1244 1857 951 34 nur die Liebe Jeſu Chriſti, das Herz ſei nur deren

1253 1893 942 33 Symbol.’ Herr Prof. Jungmann S. J. in Innsbruck erſucht

1244 1929 957 34 uns um Aufnahme der Erklärung, er habe in ſeiner Schrift

1259 1963 936 38 ‚Fünf Sätze zur Erklärung und wiſſenſch. Begründung der An⸗

1250 1999 945 38 dacht zum heiligsten Herzen Jeſu und zum reinſten Herzen Ma⸗

1254 2037 947 37 riä’ (ſo laute der Titel) den Satz vertreten: ‚Die Andacht zum

1250 2071 951 38 heiligſten Herzen Jeſu richtet ſich weſentlich auf ein

1266 2107 942 38 zweifaches Object. Den erſten und hauptſächlichen Gegen⸗

1262 2142 951 39 ſtand derſelben bildet das „Herz”Jeſu im tropiſchen Sinne des

1251 2181 956 36 Wortes; ihr zweiter und untergeordneter Gegenſtand aber iſt

1242 2220 960 33 das natürliche Symbol des erſteren, das leibliche Herz

1242 2259 258 31 des Erlöſers.’

1094 2485 95 35 Büchertiſch.

384 2577 644 42 Encyclopädieen und Sammelwerke.

224 2622 964 43 Bibliothek, internat. wissensch. 11. Band (Die Zurechnungs-

297 2659 881 41 fähigkeit der Geisteskranken von H. Maudsley.) 8. Leip-

305 2692 868 45 zig. Brockhaus. 5 M. geb. 6. —

230 2730 945 42 Dictionnaire Biographique et Bibliographique des hommes

299 2767 882 41 les plus remarquables dans les lettres, les sciences et les

299 2803 886 39 arts chez tous les peuples à toutes les époques par AI-

305 2838 884 40 fred Dantès. Paris. Boyer et Co. Erscheint in 32

306 2874 879 43 Lfgn. à —. 80

227 2911 960 39 Dictionnaire de la langue française abrégé du dictionnaire

302 2944 882 42 de E. Littré de l’ac. franç. Par A. Beaujean. fasc. 1—3

1068 2982 121 33 à —. 50

230 3019 959 44 Weech, F. v., badiſche Biographieen. 8. Lfg. gr. 8. Heidelberg.

299 3054 886 45 Baſſermann. 1. 80

1189 3093 1 30 Wurzbach, C., v., biograph. Lexicon des Kaiſerth. Oeſterreich.

309 3127 836 50 29. Thl. gr. 8. Wien. Hof- u. Staatsdruckerei. 6. —

1539 2572 393 36 Katholiſche Theologie.

1260 2617 948 39 Brucker, J., die Lehre des h. Franz v. Sales von der wahren

1329 2649 890 43 Frömmigkeit. 8. Freiburg. Herder. 2. 25

1256 2685 951 42 Hettwer, J., de fidei et scientiae discrimine et consortis iuxta

1320 2722 887 41 mentem Hugonis a S. Victore. gr. 8. Breslau. Aderholz.

2127 2757 87 34 —. 80

1256 2794 958 42 Laurin, F., Schulte’s Kirchenrechtswissenschaft. Einst und

1325 2832 888 40 Jetzt. 2. Aufl. gr. 8. Wien. Hölder. 1. 20

1253 2866 958 42 Mühlbauer, W., Thesaurus resolutionum s. c. Concilii quae

1326 2904 897 40 consentanee ad Tridentinorum pp. decreta aliasque cano-

1329 2940 891 42 nici iuris sanctiones prodierunt usque ad a. 1874. Tom. II.

1334 2976 867 42 Fasc. 10. gr. 4. München. Stahl. 3. —

1257 3013 965 41 Schegg, P., ſechs Bücher des Lebens Jeſu. 2. Bd. 8. Freiburg.

1335 3052 878 39 Herder. 4. 40.
