2387 3353
1130 46 58 151 137

291 231 840 49 — Die von Prof. Dr. Theodor Wiedemann herausge⸗

179 267 943 55 gebene ‚Oeſterreichiſche Vierteljahrsſchriftfür katho⸗

174 303 954 55 liſche Theologie’ hat nach vierzehnjährigem Beſtehen zu

189 337 945 56 erſcheinen aufgehört. Die Verbreitung derſelben in Deutſchland

201 376 930 53 genügte nicht, ihr die materiellen Bedingungen der Exiſtenz zu

183 433 84 30 bieten.

338 447 792 46 — Asher’s Collection of british authors iſt von

191 483 940 49 der Verlagshandlung Albert Cohn auf die neugegründete Firma

183 517 945 54 Julius Engelmann in Berlin übergegangen. Erſchienen ſind

186 555 945 49 bisher 99 Bände. Vom 100. Bande ab, welcher nebſt anderen

189 591 942 51 unter der Preſſe iſt, wird die Sammlung in Claſſikerformat er⸗

195 625 933 53 ſcheinen. Ob das ins Stocken gerathene Unternehmen die Con⸗

183 663 956 51 currenz mit der Tauchnitzer Sammlung beſtehen können wird,

186 709 384 42 erſcheint doch ſehr fraglich.

351 733 783 48 — Der gefeierte engliſche Dichter Alfred Tennyſon

191 769 955 53 hat mit ſeiner ſo eben erſchienenen ‚Queen Mary’ zum erſten

189 804 944 52 Male das dramatiſche Gebiet betreten. — Georg Smith iſt

198 840 950 52 mit der Ausarbeitung einer Geſchichte Babyloniens für

192 877 954 51 die Geſellſchaft zur Ausbreitung chriſtlicher Kenntniß beſchäftigt.

189 912 954 48 — Die Correſpondenz John Stuart Mill’s wird als

195 949 939 48 demnächſt erſcheinend angekündigt. — General Sherman ver⸗

191 985 949 47 öffentlicht ſo eben 2 Bände ‚Memoirs written hy himself’, und

198 1021 948 48 Victor Hugo läßt unter dem Titel, Actes et Paroles’ ſeine

192 1068 396 37 Denkwürdigkeiten erscheinen.

359 1095 787 43 — (Perſonalnotizen.) Von der Berliner Akademie

195 1131 957 46 der Wiſſenſchaften wurden Al. Cunningham in London und

201 1167 950 48 Ludw. Stephani in S. Petersburg zu correſp. Mitgliedern

195 1210 441 41 der hiſt.⸗philoſ. Klaſſe erwählt.

315 1240 834 42 — Die philoſ. Facultät der Univ. Halle hat dem Pfarrer

195 1276 960 47 Scartazzini in Walzenhauſen (Canton Appenzell), früherem

207 1311 942 48 Prof. in Chur, in Anerkennung ſeiner wiſſenſchaftlichen und lite⸗

204 1347 950 46 rariſchen Verdienſte, namentlich um Dante, zum Dr. philos.

191 1395 301 34 honoris causa creirt.

360 1419 791 43 — Das von Max Duncker niedergelegte Directorium der

195 1455 959 46 Berliner Staatsarchive iſt dem bisherigen Profeſſor in Bonn

207 1491 941 46 Dr. Heinrich von Sybel übertragen, und ſoll demſelben

204 1524 947 49 Oberlehrer Dr. Max Lehmann in Berlin, Verfaſſer kleinerer

195 1558 960 48 hiſtor. Arbeiten, namentlich in den Preuß. Jahrbüchern, als

200 1590 951 51 Adlatus beigegeben werden. Nach der Köln. Zeitung wäre an⸗

207 1626 938 49 zunehmen, daß Sybel an der Berliner Univerſität Vorleſungen

204 1674 170 37 halten werde.

302 1695 846 49 — Prof. Dr. Karl Gareis, welcher vor zwei Jahren

204 1732 954 51 von Würzburg nach Bern berufen wurde, wird einem Rufe als

207 1770 951 49 Prof. des deutſchen Privat⸗, Handels⸗ und Wechſelrechts nach

201 1806 944 51 Gießen Folge leiſten. Auf den neuerrichteten Lehrſtuhl für

216 1842 935 52 franzöſ. und engl. Sprache an der Universität in München wurde

213 1878 932 54 Prof. Dr. Breymann, dermalen an der Univ. in Mancheſter,

204 1915 957 53 berufen. Die durch Fricker’s Berufung nach Leipzig erledigte

201 1950 960 54 Profeſſur für Staats⸗ und Völkerrecht an der Univ. Tübingen

213 1984 939 56 iſt dem Prof. Dr. v. Martitz in Freiburg übertragen. Prof.

204 2019 957 55 Dr. Heinrich Weber am Polytechnikum in Zürich iſt an

210 2055 948 55 Stelle ſeines Lehrers Richelot zum Prof. der Mathematik in

201 2091 954 57 Königsberg ernannt. Die zweite Profeſſur des röm Rechts an

210 2127 942 55 der Univ. Roſtock wird ſtatt des nach Breslau berufenen Prof.

201 2164 960 53 Schwanert Dr. Kretſchmar, Privatdoc. u. Advocat in Leipzig,

213 2197 951 59 übernehmen. Die Verſetzung der deutſchen Profeſſoren der Univ.

213 2232 942 60 Lemberg an die neugegründete Hochſchule in Czernowitz in der

213 2268 951 58 Bukowina ſoll gleichzeitig mit der Ernennung der übrigen für

210 2304 947 58 Czernowitz auserſehenen Profeſſoren (darunter Prof. Dr. Bering

207 2338 945 59 in Heidelberg) publicirt werden. Dr. Franz Witt, Pfarrer

207 2373 951 61 in Schatzhofen, der Herausgeber der trefflichen ‚Fliegenden

213 2409 948 60 Blätter für Kirchenmuſik’ und der ‚Musica sacra’, iſt zum Prof.

207 2443 840 62 an die ungariſche Landes⸗Muſikakademie in Peſt berufen.

387 2478 782 58 — Zu ord. Prof. wurden ernannt die a. o. Profeſſoren

213 2514 948 63 Dr. Adolf Claus in Freiburg (Chemie und Technologie) und

210 2550 945 63 Dr. Wilh. Marmé in Göttingen (Medizin); zu a. o. Pro⸗

1209 210 944 49 feſſoren die Frivatdocenten Dr. Gid. Spicker in Freiburg

1221 249 935 45 (Philoſ.), Heinr. Auſpitz, Mor. Kapoſi, Jſ. Neumann,

1212 282 944 51 Joſ. Novák, Friedr. Salzer, Leop. Ritter Schrötter

1212 318 941 49 v. Kriſtelli, Karl Störck, K. Toldt in Wien (ſämmtlich

1215 358 939 44 Mediziner). Es habilitirten ſich: in Innsbruck Dr. Jul. Jung

1215 391 939 48 für allg. Geſch. und Dr. Jul. Platter für Statiſtik, in Er⸗

1209 427 945 48 langen Dr. Franz Penſoldt für Medizin, in Berlin Dr.

1215 463 945 47 Georg Treu für Archäologie, in Würzburg Dr. Ernst Ziegler

1227 510 161 37 für Medigin.

1368 534 792 45 — Der Prof. der Pathologie Dr. Karl Frhr. v. Roki⸗

1212 573 948 45 tansky in Wien trat in den bleibenden Ruheſtand; an ſeine

1215 607 782 45 Stelle tritt der Grazer Prof. Dr. Richard Heſchl.

1377 642 791 43 — Am 14. Mai verſchied in Wien der Canonicus an

1221 678 933 45 S. Stephan, früher Prof. der Dogmatik (in Graz und Wien)

1212 711 948 51 Dr. Joſeph Toſi. — Am 29. Mai wurde der Director des

1224 747 939 49 Hanauer Gymnaſiums Dr. Karl Wilh. Piderit zu Grabe

1221 783 939 49 getragen. Der Verſtorbene, als Philolog und Pädagog hoch⸗

1224 819 939 49 ſtehend, hat der genannten Anſtalt fast 22 Jahre vorgeſtanden.

1224 853 942 50 Seine ausgezeichneten Schulausgaben der rhetorischen Schriften

1215 889 951 50 Cicero’s, von denen die Bücher de oratore bereits 4 Auflagen

1214 925 955 50 erlebten, werden ſeinen Namen noch lange erhalten. Als Mann

1221 961 942 50 von Charakter und ſtreng orthodoxer Richtung ſtand er zu vielen

1233 997 927 51 ſog. ‚Forderungen der Neuzeit’ in Widerſpruch. Es ſei noch

1233 1033 933 51 erwähnt, daß Piderit auch den literariſchen Nachlaß Vilmar’s

1227 1068 942 52 zum Theil veröffentlicht hat. — Am 14. Juni ſtarb in Kopen⸗

1230 1107 942 49 hagen Dr. Ludwig d' Arreſt, Prof. der Aſtronomie an der

1227 1140 951 52 dortigen Univerſität und Vorſteher des aſtronomischen Obſerva⸗

1230 1179 941 49 toriums, geb. am 13. Aug. 1822 in Berlin, ein Schüler Enke’s.

1220 1215 948 48 Seine Schriften werden zu den bedeutendſten Leiſtungen gezählt,

1227 1251 953 49 welche die aſtronomiſche Wiſſenſchaft unſerer Zeit aufzuweiſen

1238 1287 936 48 hat. Er hat 4 Aſteroiden und den Kometen Freija entdeckt.

1221 1323 947 49 Seine Hauptſtudien galten den Nebelflecken, und ſeine ſpectral⸗

1227 1359 944 49 analytiſchen Unterſuchungen derſelben haben die größte Anerken⸗

1224 1393 957 51 nung gefunden. — Am 20. Juni ſtarb auf ſeinem Familien⸗

1235 1431 939 49 gute Kurowo der ruſſiſche Generalmajor Peter von Uslar,

1221 1462 966 54 durch ſeine Schriften über die kaukaſischen Dialekte bekannt. —

1227 1500 947 49 Vor wenigen Tagen meldeten die Zeitungen das Ableben des

1224 1534 957 50 Dr. W. Corſſen, welcher viele Jahre als Prof. in Schulpforta

1238 1569 933 48 gewirkt und ſich durch bedeutende Leiſtungen auf dem Gebiete

1230 1602 945 49 der latein. Formenlehre und der altitaliſchen Dialekte bekannt ge⸗

1224 1635 956 48 macht hat. Seine Hauptwerke: Ueber Ausſprache, Vocalismus und

1227 1671 950 49 Betonung in der lat. Sprache, 1858 u. 59, 2. Aufl. 1868 u. 70.

1227 1708 945 51 Kritiſche Beiträge zur lat. Formenlehre, 1863. Kritiſche Nach⸗

1227 1744 951 51 träge zur lat. Formenlehre, 1866. Ueber die Sprache der

1232 1782 942 48 Etrusker 1. Bd. (XXXVI, 1016 S.), 1874. Alterthümer und

1230 1818 962 49 Kunſtdenkmäler des Ciſtercienſerkloſters S. Marien und der

1235 1866 333 37 Landesſchule zu Pforta.

1338 1890 842 45 — Am 4. Mai verſchied in Nevele bei Gent die bekannte

1230 1927 951 45 vlämiſche Dichterin und Novelliſtin Roſalie Loveling. Sie

1233 1960 954 50 trat nur gemeinſam mit ihrer Schweſter Virginie auf, und

1227 1996 966 50 Kenner verſichern, daß es kein Leichtes ſei, die dichteriſchen

1239 2028 941 51 Schöpfungen der ‚Lovelings’- am Charakter zu unterſcheiden. —

1233 2067 954 46 In Wien ſtarb kürzlich hochbetagt der Piariſten⸗Ordensprieſter

1236 2101 942 50 Joſeph Miſſon. Sein in tadelloſen Hexametern geſchriebe⸗

1236 2137 945 47 nes Büchlein vom ‚Naz, der in d’ Fremd geht’, voll köſtlichen

1233 2175 663 46 Humors, iſt im Buchhandel längſt vergriffen.

1479 2298 455 46 Druckverſehen in Nr. 6.

1350 2343 843 48 S. 103 Spalte 2 Z. 10 iſt zu leſen: ‚hat nicht mehr die

1233 2379 948 54 Kraft, die quantitative Breite .. . . . zu tragen.’ S. 104 Sp. 1

1241 2415 946 55 Z. 15: ‚unter dem Engel’ ſtatt ‚unter den Menſchen’. Ebendaſ.

1247 2451 943 54 Z. 25: ‚wir’ ſtatt ‚wie’. S. 106 Sp. 1 Z. 22: ‚als ſolches’

1242 2487 957 52 ſtatt ‚ſolches’. Ebendaſ. Sp. 2 Z. 3 v. u.: ‚involvire’ ſtatt

1239 2523 882 52 ‚involviren’. S. 114 Sp. 1 Z. 5 v. u.: ‚451’ ſtatt ‚436’.

1067 2643 285 67 Büchertiſsch.

366 2752 636 65 Encyclopädieen und Sammelwerke.

216 2794 954 75 Bibliothek, internat. wissensch. 13. Band: Die fünf Sinne

288 2830 873 75 des Menschen von J. Bernstein. 8. Leipzig. Brockhaus.

1095 2862 83 36 2. —

213 2901 954 75 Encyclopädie, allg., der Wiſſenſchaften und Künſte, bearb. und

297 2935 870 78 hrsg. v. J. S. Erſch und J. G. Gruber. 1. Section.

299 2971 865 77 94. Thl. gr. 4. Leipz. Brockhaus. cart. 11. 50 M. Velinp.

1080 3003 98 30 15. —

219 3042 951 78 Geiger’s, Abr., nachgelass. Schriften. Hrsg. v. L. Geiger.

300 3074 893 83 1. Bd. gr. 8. Berlin. Gerschel. pro 5 Bde. cplt. 35. —

1248 2722 948 50 Rauſcher, J. O. v., Hirtenbriefe, Reden, Zuſchriften. Neue

1332 2755 877 47 Folge. 1. Bd. gr. 8. Wien. Braumüller. 8. —

1242 2794 954 48 Steub, L., kleinere Schriften. 4. Bd. Altbayeriſche Miscellen.

1313 2826 901 45 8. Stuttg. Cotta. 5. —

1248 2863 939 51 Weech, F. v., badiſche Biographieen. 4. u. 5. Lfg. gr. 8. Hei⸗

1317 2899 909 45 delberg. Baſſermann. à 1. 80 M. pro 1. Bd. cplt. 9. —

1520 2949 402 33 Katholiſche Theologie.

1245 2986 948 51 Bach, J., die Dogmengeschichte des Mittelalters vom christo-

1313 3021 892 46 logischen Standpunkte. 2. Thl. gr. 8. Wien. Braumüller.

2115 3049 108 42 15. —
