2364 3351
1160 62 81 152 196

203 247 952 36 müthe.’ Später wurde ihm der Auftrag, die Erziehung

210 289 948 36 des jungen Großfürſten, des jetzigen Kaiſers zu leiten —

213 337 954 35 eine Aufgabe, für die er ſich aufs gewiſſenhafteſte vorbe⸗

204 381 948 37 reitete. ‚Alle meine Gedanken’, ſchreibt er, ‚drehen ſich

213 424 947 38 um dieſen Angelpunkt meines Daſeins.’ Seine Briefe bie⸗

203 469 954 38 ten uns den Beleg dafür, ‚wie er ſein pädagogiſches Ver⸗

212 514 948 38 hältniß am ruſſiſchen Kaiſerhofe auffaßte, mit welchem ſitt⸗

203 559 948 38 lichen Ernſte er die Erziehung leitete und wie rückhaltlos

204 603 956 40 er den Genoſſen der kaiſerlichen Familie auch in poli⸗

197 649 961 38 tiſchen Dingen ſeine Ueberzeugung ausſprach.’ Die von

197 696 960 34 echtem Patriotismus getragenen Klänge ſeiner Muſe fan⸗

206 739 948 38 den in den Herzen ſeiner Landsleute einen lauten Wider⸗

200 786 954 34 hall; uns Deutſchen hat er ſich am Abende ſeines Lebens

207 831 956 39 durch verwandtſchaftliche und freundſchaftliche Beziehungen

204 876 156 33 verbunden.

302 921 864 40 Es folgen in Nr. 7: ‚Erinnerungen an einen deut⸗

191 963 966 39 ſchen Capuciner’ — P. Franz Borgias Fleiſch⸗

194 1012 957 36 mann. Zweifellos die erhebendſte Partie des ganzen

194 1054 957 35 Buches, ſchwerkörnig in jeder Zeile und den beſten ‚Cha⸗

194 1101 955 34 rakterbildern Beda Weber’s ebenbürtig. P. Borgias war

198 1144 960 36 ‚ein »Soldat Chriſti«-, ein Ritter der Kirche im beſten

210 1188 947 37 Sinne des Wortes, ein Mann von rührender Innigkeit

201 1231 953 39 des Glaubens und von brennendem Seeleneifer, unermüd⸗

194 1276 963 39 lich im Kampfe für alles, was das Heil ſeiner Mitmenſchen

210 1323 939 36 fördern konnte, keine Mühen und Nachtwachen ſcheuend,

194 1365 955 37 wenn er im Beichtſtuhl oder am Krankenbett das »Glück

194 1411 964 36 hatte«, Hülfe und Troſt zu ſpenden, ſtrenge gegen ſich,

194 1456 952 33 milde gegen Andere, und demüthig und heiter wie ein

191 1501 964 32 Kind.’ Ein Volksmiſſionar und Conferenzredner, deſſen

188 1546 963 33 Worte, ‚aus vollem Herzen ſtrömend, in ihrer ſchlichten

185 1593 963 34 einfachen Klarheit ohne redneriſchen Prunk durch die Kraft

195 1638 963 36 der Ueberzeugung die Herzen der Hörer bewegten und mit

195 1683 961 37 ſich fortriſſen.’ Ein Freund der Kinder und — des Mi⸗

198 1725 957 36 litärs. Wir wollen dem Leſer den Genuß dieſes Abſchnit⸗

188 1770 961 34 tes nicht durch Mittheilungen aus dem reichen Inhalte

197 1815 949 33 verkümmern. Nur Eine Bemerkung ſei uns erlaubt. Das

191 1858 957 36 Bild des P. Borgias macht durchaus den Eindruck einer

191 1903 946 35 intelligenten Perſönlichkeit. Bemerkenswerth, aber durch⸗

183 1948 963 36 aus nicht überraſchend iſt, was der Herr Verf. S. 258

185 1995 964 36 mittheilt: ‚Je weniger er ſelbſt von der Welt verlangte,

189 2040 951 36 deſto ſicherer und unbefangener beurtheilte er in ſeinem

195 2085 951 36 einſamen Kloſter die Dinge der Welt, die Zuſtände des

185 2130 966 36 öffentlichen Lebens, welches er in einem neuen Umwand⸗

186 2173 956 39 lungsproceß begriffen glaubte. In allen seinen Anſchauun⸗

188 2223 960 34 gen und Urtheilen fand man nichts weniger, als eine von

188 2266 957 36 Weltleuten ſo genannte »mönchiſche« Engherzigkeit und

188 2311 951 35 Einſeitigkeit, vielmehr eine überraſchende Höhe des Stand⸗

192 2355 959 37 punktes und Sicherheit und Schärfe des Blickes.’ Man

191 2401 955 35 denke ſich den armen Capuciner mit ſeiner Glaubensinnig⸗

180 2443 954 41 keit, Gemüthstiefe, Thatenfreudigkeit und Menſchenliebe,

179 2490 966 36 mit ſeiner beſcheidenen Gelehrſamkeit und ſeiner Intelli⸗

183 2536 966 35 genz, welche Weisheit *) war, in die unmittelbare Nähe

185 2578 952 38 Alexanders von Humboldt gerückt; kein Contraſt kann

191 2623 952 38 greller, ſchneidiger gedacht werden. Humboldt wird als

186 2664 956 42 dux et antesignanus unſerer modernen faſt lediglich intel⸗

183 2707 950 44 lectuellen und die Religion ausſchließenden Bildung ge⸗

186 2751 959 45 prieſen, von der man die Erlöſung der Menſchheit, die

186 2797 960 44 Ausgleichung der Gegenſätze und das Heil der Staaten

296 2860 841 48 *) Sunt, qui scire volunt eo tantum fine, ut sciant, et

186 2898 957 45 turpis curiositas est. Et sunt, qui scire volunt, ut sciantur

180 2935 963 44 ipsi, et turpis vanitas est. Et sunt item, qui scire volunt,

189 2971 954 44 ut scientiam suam vendant, verbi causa pro pecunia, pro ho-

189 3010 951 42 noribus, et turpis quaestus est. Sed sunt quoque, qui scire

183 3046 957 42 volunt, ut aedificent, et caritas est. Et item, qui scire vo-

183 3084 954 40 lunt, ut aedificentur, et prudentia est. S. Bern. Sermo 36.

180 3121 159 33 sup. Cant.

1238 252 951 34 erwartet. Wahre und heilskräftige Bildung iſt aber nur

1235 297 957 34 eine ſolche, welche des Menſchen geſammtes Weſen er⸗

1241 342 942 34 faßt, und ihr Ideal iſt für alle Ewigkeit in den Worten

1235 387 963 34 ausgeſprochen: Conformes (gleichgebildet) fieri imaginis

1241 432 415 33 Filii Dei. (Röm. 8. 29.)

1344 477 741 35 Paderborn. Köhler.

1614 513 207 38 (Schluß folgt.)

1553 639 325 35 Schöne Literatur.

1238 693 954 37 Till Eulenſpiegel redivivus. Ein Schelmenlied von Ju-

1325 739 871 36 lius Wolff. 2. Aufl. 8. Berlin. Grote. 1875.

1331 783 501 33 XIII, 196 S. Preis: 3 Mark.

1346 836 840 35 Till Eulenſpiegel, der alte, hat bekanntlich auch im

1241 883 939 34 Grabe noch den Kopf auf dem rechten Fleck behalten. Als

1235 928 952 33 man zu Mölln bei Lübeck anno 1350 ſeinen Sarg einſenkte,

1239 974 944 32 da brach ein Seil, und Till ſchoß ins Grab alſo, daß er

1232 1017 958 34 auf die Füße zu ſtehen kam. Erſt närriſch ſteht er nun

1229 1062 960 34 begraben, aber wohlweislich mit dem Kopf nach oben. Er

1224 1107 963 33 müßte im Grabe auf den Kopf gefallen ſein, wenn er, wie⸗

1238 1152 955 34 der aufgelebt, ſolcher Geſtalt erſchiene, wie J. Wolff ihn

1223 1197 208 34 uns vorführt

1338 1239 852 37 Als der Redivivus Anfangs Winter in erſter Auf⸗

1236 1286 945 35 lage erſchien, hielt ich nach wenig Augenblicken der Unter⸗

1226 1332 954 34 haltung mit ihm ſeine nähere Bekanntſchaft nicht für der

1232 1377 945 31 Mühe werth und ſchickte ihn zurück. Nun kommt er wieder

1226 1419 957 37 in zweiter Auflage,*) direct ‚aus des deutſchen Reiches

1239 1463 938 35 Hauptſtadt’, einen neuen Schreibebrief ſeines Verfaſſers

1235 1508 952 34 in der Hand und einen ganzen Ranzen voller Empfeh⸗

1229 1553 954 36 lungsbriefe auf dem Rücken. 56 enggedruckte Seiten mit

1235 1600 948 36 ‚Urtheilen der Preſſe über die erſte Auflage’ hat der Ver⸗

1235 1648 952 32 leger dem ſelbſt nur 196 Seiten langen Redivivus ange⸗

1232 1690 949 36 hängt. — Da kann man nicht umhin, dem fahrenden

1227 1735 957 33 Geſellen zunächſt einmal in die dargebotenen Papiere

1230 1779 947 34 zu ſchauen. ‚Eine erfreuliche Leiſtung voll friſchen Hu⸗

1233 1822 953 36 mors, der auch der Ernſt des Gedankens nicht fehlt.

1238 1866 942 39 Allerliebſte klangvolle Lieder unterbrechen die muntern

1216 1909 958 42 jambischen Reimpaare’ — ſchreibt ihm Kreyſſig in der

1229 1956 955 41 ‚Deutſchen Rundſchau’. — ‚Lieder’, ſagt Trä⸗

1210 2000 965 41 ger in der ‚Gegenwart’, ‚ſo morgenfriſch und ro⸗

1212 2045 971 41 ſenduftig, daß man bedauert, ſie nicht in ſelbſtändi⸗

1224 2090 954 42 ger Vereinigung zu erblicken.’ Trotzdem ‚Eulenſpiegeleien

1209 2138 972 38 fehlen’, und ‚kaum ein Schattenbild der Zeit in dieſem

1227 2180 948 40 Spiegel erſcheint’, ſoll auch ‚der eigentliche Text ſtellen⸗

1227 2226 951 39 weiſe von hinreißender Schönheit und muſtergültig’ ſein.

1224 2273 951 37 Die ‚überwiegenden Reden, womit, bei nicht ausreichender

1226 2316 960 39 Handlung, die Seiten gefüllt ſind,’ ſollen nämlich ‚ein

1210 2363 964 37 feiner, aber jedenfalls unbeabſichtigter Hohn auf

1209 2406 977 40 unſere parlamentariſche Gegenwart’ ſein, und ‚die beſte dem

1229 2456 949 34 Till der Unmuth beim Anblick eines Geiſtlichen entreißen.’

1216 2498 958 39 — Eugen Zabel in den ‚Blättern für literari⸗

1208 2544 976 36 ſche Unterhaltung’ findet ‚in der lebensluſtigen roth⸗

1211 2592 976 36 wangigen Geſundheit’ der ‚von dem erquickenden Zauber⸗

1221 2635 960 36 hauch jugendlicher Friſche umwitterten’ Dichtung ihren

1206 2681 959 35 hauptſächlichſten Reiz. Wenn er auch hin und wieder eine

1226 2726 952 35 größere Tiefe des Gehalts wünſchen möchte, ſcheut er ſich

1215 2772 975 36 doch, von dieſer gewinnenden Liebenswürdigkeit etwas an⸗

1223 2811 951 42 deres zu verlangen, als lustige Scherze. Dahingegen

1224 2862 956 36 ſieht die ‚Post’ in dem, was Wolff gibt, ein Stück

1221 2904 959 40 divina commedia; denn er umfaßt alles, was des Menſchen

1227 2949 941 42 Herz und Sinn bewegt, mit mehr Ernſt und Tiefe, als

1221 2996 956 38 er ſich und ſeinem Begleiter eingeſtehen mag.’ Die

1223 3040 957 43 ‚Grenzboten’ werden durch ‚die Sprache, Gedanken⸗

1322 3120 825 50 *) Soeben erſchien die dritte Auflage. Red.
