<?xml version="1.0" encoding="UTF-8"?>
<alto xmlns:xsi="http://www.w3.org/2001/XMLSchema-instance"
      xmlns="http://www.loc.gov/standards/alto/ns-v4#"
      xmlns:page="http://schema.primaresearch.org/PAGE/gts/pagecontent/2013-07-15"
      xsi:schemaLocation="http://www.loc.gov/standards/alto/ns-v4# https://www.loc.gov/standards/alto/v4/alto.xsd">
   <Description>
      <MeasurementUnit>pixel</MeasurementUnit>
      <OCRProcessing ID="IdOcr">
         <ocrProcessingStep>
            <processingDateTime>2021-07-15T07:49:23.75+02:00</processingDateTime>
            <processingSoftware>
               <softwareCreator>READ COOP</softwareCreator>
               <softwareName>Transkribus</softwareName>
            </processingSoftware>
         </ocrProcessingStep>
      </OCRProcessing>
   </Description>
   <Layout>
      <Page ID="Page1" PHYSICAL_IMG_NR="1" HEIGHT="3353" WIDTH="2387">
         <TopMargin HEIGHT="0" WIDTH="2387" VPOS="0" HPOS="0"/>
         <LeftMargin HEIGHT="3353" WIDTH="0" VPOS="0" HPOS="0"/>
         <RightMargin HEIGHT="3353" WIDTH="0" VPOS="0" HPOS="2387"/>
         <BottomMargin HEIGHT="0" WIDTH="2387" VPOS="3353" HPOS="0"/>
         <PrintSpace HEIGHT="3353" WIDTH="2387" VPOS="0" HPOS="0">
            <TextBlock ID="TextRegion_1614846695502_636"
                       HEIGHT="61"
                       WIDTH="164"
                       VPOS="103"
                       HPOS="1073">
               <Shape>
                  <Polygon POINTS="1073,106 1237,103 1231,162 1073,164"/>
               </Shape>
               <TextLine ID="r2l1"
                         BASELINE="1127,143 1157,143 1187,137"
                         HEIGHT="36"
                         WIDTH="60"
                         VPOS="117"
                         HPOS="1127">
                  <String ID="string_r2l1"
                          HEIGHT="36"
                          WIDTH="60"
                          VPOS="117"
                          HPOS="1127"
                          CONTENT="199"/>
               </TextLine>
            </TextBlock>
            <TextBlock ID="r1" HEIGHT="2922" WIDTH="981" VPOS="231" HPOS="167">
               <Shape>
                  <Polygon POINTS="167,231 167,3153 1148,3153 1148,231"/>
               </Shape>
               <TextLine ID="r1l1"
                         BASELINE="315,252 340,252 366,252 391,252 417,252 443,252 468,252 494,252 519,252 545,251 571,251 596,251 622,251 647,251 673,252 720,255"
                         HEIGHT="31"
                         WIDTH="400"
                         VPOS="231"
                         HPOS="315">
                  <String ID="string_r1l1"
                          HEIGHT="31"
                          WIDTH="400"
                          VPOS="231"
                          HPOS="315"
                          CONTENT="Die heiligen Gebote ſteh’n"/>
               </TextLine>
               <TextLine ID="r1l2"
                         BASELINE="321,291 347,290 374,290 401,288 428,288 455,288 481,288 508,288 535,287 562,287 589,287 615,287 642,287 669,287 696,287 723,287 749,287 776,287 803,287 830,285 857,285"
                         HEIGHT="36"
                         WIDTH="536"
                         VPOS="265"
                         HPOS="321">
                  <String ID="string_r1l2"
                          HEIGHT="36"
                          WIDTH="536"
                          VPOS="265"
                          HPOS="321"
                          CONTENT="Auf Tafeln nicht und Pergamenten,"/>
               </TextLine>
               <TextLine ID="r1l3"
                         BASELINE="320,323 345,323 370,323 395,323 421,323 446,323 471,324 496,324 522,324 547,324 572,324 597,324 623,324 648,323 673,323 698,323 724,323 749,323 774,323 799,323 825,323"
                         HEIGHT="31"
                         WIDTH="505"
                         VPOS="303"
                         HPOS="320">
                  <String ID="string_r1l3"
                          HEIGHT="31"
                          WIDTH="505"
                          VPOS="303"
                          HPOS="320"
                          CONTENT="Im Herzen mußt du ſie verſteh’n."/>
               </TextLine>
               <TextLine ID="r1l4"
                         BASELINE="330,359 355,359 380,360 405,360 430,360 455,359 480,359 505,360 530,360 555,360 580,360 605,360 630,360 655,360 680,360 705,360 730,360 755,360 780,360"
                         HEIGHT="31"
                         WIDTH="450"
                         VPOS="339"
                         HPOS="330">
                  <String ID="string_r1l4"
                          HEIGHT="31"
                          WIDTH="450"
                          VPOS="339"
                          HPOS="330"
                          CONTENT="Bekennntniß iſt ein enges Kleid,"/>
               </TextLine>
               <TextLine ID="r1l5"
                         BASELINE="324,396 351,396 378,396 405,396 432,396 459,396 486,396 513,396 540,396 567,396 595,396 622,396 649,396 676,395 703,395 730,395 757,395 784,393 811,393 838,392 883,392"
                         HEIGHT="36"
                         WIDTH="559"
                         VPOS="370"
                         HPOS="324">
                  <String ID="string_r1l5"
                          HEIGHT="36"
                          WIDTH="559"
                          VPOS="370"
                          HPOS="324"
                          CONTENT="Gefügt aus Worten, Clauſeln, Liſten,"/>
               </TextLine>
               <TextLine ID="r1l6"
                         BASELINE="327,432 353,432 379,432 406,432 432,432 458,432 485,432 511,432 537,432 564,431 590,431 616,431 643,431 669,431 695,431 722,429 748,429 774,428 801,428 827,426 854,425"
                         HEIGHT="37"
                         WIDTH="527"
                         VPOS="405"
                         HPOS="327">
                  <String ID="string_r1l6"
                          HEIGHT="37"
                          WIDTH="527"
                          VPOS="405"
                          HPOS="327"
                          CONTENT="Wenn ihr nur rechte Menſchen ſeid,"/>
               </TextLine>
               <TextLine ID="r1l7"
                         BASELINE="326,467 359,467 393,468 426,468 460,468 494,468 527,468 561,467 595,467 628,467 662,467 696,465 729,465 763,465 797,464 830,464 864,464 898,464 931,464 965,464 999,465"
                         HEIGHT="34"
                         WIDTH="673"
                         VPOS="444"
                         HPOS="326">
                  <String ID="string_r1l7"
                          HEIGHT="34"
                          WIDTH="673"
                          VPOS="444"
                          HPOS="326"
                          CONTENT="Was braucht es noch des Namens: Chriſten?"/>
               </TextLine>
               <TextLine ID="r1l8"
                         BASELINE="330,504 355,503 380,503 406,503 431,503 457,503 482,503 508,503 533,503 559,503 584,503 609,503 635,503 660,503 686,503 711,503 737,501 762,501 809,501"
                         HEIGHT="36"
                         WIDTH="481"
                         VPOS="478"
                         HPOS="330">
                  <String ID="string_r1l8"
                          HEIGHT="36"
                          WIDTH="481"
                          VPOS="478"
                          HPOS="330"
                          CONTENT="denn jener Weiſeſte der Weiſen,"/>
               </TextLine>
               <TextLine ID="r1l9"
                         BASELINE="327,537 353,538 379,539 405,539 431,539 457,539 483,539 509,539 535,539 561,539 587,539 613,537 639,537 665,537 691,537 717,537 743,537 769,537 795,537"
                         HEIGHT="32"
                         WIDTH="468"
                         VPOS="517"
                         HPOS="327">
                  <String ID="string_r1l9"
                          HEIGHT="32"
                          WIDTH="468"
                          VPOS="517"
                          HPOS="327"
                          CONTENT="Den alle Zeiten werden preiſen,"/>
               </TextLine>
               <TextLine ID="r1l10"
                         BASELINE="320,575 345,576 371,576 396,576 422,576 447,576 473,576 498,576 524,575 549,575 575,575 600,575 626,573 651,573 677,573 702,573 728,572 753,572 799,574"
                         HEIGHT="34"
                         WIDTH="480"
                         VPOS="552"
                         HPOS="320">
                  <String ID="string_r1l10"
                          HEIGHT="34"
                          WIDTH="480"
                          VPOS="552"
                          HPOS="320"
                          CONTENT="Ein Edler, Hoher, Auserkorner,"/>
               </TextLine>
               <TextLine ID="r1l11"
                         BASELINE="329,611 354,611 379,612 405,612 430,612 455,612 481,611 506,611 531,611 557,611 582,611 607,611 633,611 658,610 683,609 709,609 734,609 759,609 785,608"
                         HEIGHT="34"
                         WIDTH="476"
                         VPOS="588"
                         HPOS="329">
                  <String ID="string_r1l11"
                          HEIGHT="34"
                          WIDTH="476"
                          VPOS="588"
                          HPOS="329"
                          CONTENT="Er ward geboren, mußte enden,"/>
               </TextLine>
               <TextLine ID="r1l12"
                         BASELINE="323,647 354,647 385,648 416,648 448,648 479,648 510,647 541,647 573,647 604,647 635,645 666,645 698,645 729,645 760,644 791,644 823,643 854,642 885,642 916,642 948,642"
                         HEIGHT="36"
                         WIDTH="625"
                         VPOS="622"
                         HPOS="323">
                  <String ID="string_r1l12"
                          HEIGHT="36"
                          WIDTH="625"
                          VPOS="622"
                          HPOS="323"
                          CONTENT="Als Menſch, wie darf ein Staubgeborner"/>
               </TextLine>
               <TextLine ID="r1l13"
                         BASELINE="326,686 353,684 380,684 407,684 435,684 462,684 489,684 517,683 544,683 571,683 599,683 626,683 653,683 680,682 708,681 735,681 762,680 790,680 817,678 844,677 872,675"
                         HEIGHT="41"
                         WIDTH="546"
                         VPOS="655"
                         HPOS="326">
                  <String ID="string_r1l13"
                          HEIGHT="41"
                          WIDTH="546"
                          VPOS="655"
                          HPOS="326"
                          CONTENT="Sich betend an den andern wenden?"/>
               </TextLine>
               <TextLine ID="r1l14"
                         BASELINE="320,755 345,755 371,756 397,756 422,756 448,756 474,755 500,755 525,755 551,755 577,755 602,755 628,753 654,753 680,753 705,752 731,752 757,751 783,750"
                         HEIGHT="37"
                         WIDTH="487"
                         VPOS="729"
                         HPOS="320">
                  <String ID="string_r1l14"
                          HEIGHT="37"
                          WIDTH="487"
                          VPOS="729"
                          HPOS="320"
                          CONTENT="Und hier im zeitlichen Getriebe,"/>
               </TextLine>
               <TextLine ID="r1l15"
                         BASELINE="330,791 362,792 395,792 428,792 461,792 494,791 527,791 559,791 592,789 625,789 658,788 691,788 724,786 757,786 789,786 822,785 855,785 888,785 921,786 954,787 987,788"
                         HEIGHT="37"
                         WIDTH="657"
                         VPOS="765"
                         HPOS="330">
                  <String ID="string_r1l15"
                          HEIGHT="37"
                          WIDTH="657"
                          VPOS="765"
                          HPOS="330"
                          CONTENT="Was iſt das Höchſte hier? — die Liebe!"/>
               </TextLine>
               <TextLine ID="r1l16"
                         BASELINE="326,825 351,826 377,827 403,827 429,827 455,827 481,827 506,827 532,826 558,825 584,825 610,824 636,824 662,824 687,822 713,822 739,822 765,822 791,822 817,822 857,826"
                         HEIGHT="35"
                         WIDTH="532"
                         VPOS="802"
                         HPOS="326">
                  <String ID="string_r1l16"
                          HEIGHT="35"
                          WIDTH="532"
                          VPOS="802"
                          HPOS="326"
                          CONTENT="Darf der nun von der Liebe reden,"/>
               </TextLine>
               <TextLine ID="r1l17"
                         BASELINE="333,863 359,863 385,863 411,863 438,863 464,863 490,863 517,861 543,861 569,861 595,860 622,860 648,860 674,858 701,858 727,858 753,858 780,860"
                         HEIGHT="35"
                         WIDTH="447"
                         VPOS="838"
                         HPOS="333">
                  <String ID="string_r1l17"
                          HEIGHT="35"
                          WIDTH="447"
                          VPOS="838"
                          HPOS="333"
                          CONTENT="Der ſelber nicht in Liebe lebt,"/>
               </TextLine>
               <TextLine ID="r1l18"
                         BASELINE="332,899 357,900 382,900 407,899 432,899 457,899 482,899 507,898 532,897 557,897 582,897 607,896 632,896 657,894 682,894 707,894 732,893 756,898 805,900"
                         HEIGHT="37"
                         WIDTH="478"
                         VPOS="873"
                         HPOS="332">
                  <String ID="string_r1l18"
                          HEIGHT="37"
                          WIDTH="478"
                          VPOS="873"
                          HPOS="332"
                          CONTENT="In frechem Dünkel über Jeden,"/>
               </TextLine>
               <TextLine ID="r1l19"
                         BASELINE="333,936 358,936 383,935 408,935 433,935 458,935 483,933 508,933 533,933 559,933 584,933 609,932 634,932 659,932 684,930 709,930 734,930 759,930 785,929"
                         HEIGHT="37"
                         WIDTH="452"
                         VPOS="909"
                         HPOS="333">
                  <String ID="string_r1l19"
                          HEIGHT="37"
                          WIDTH="452"
                          VPOS="909"
                          HPOS="333"
                          CONTENT="Der anders denket, ſich erhebt?"/>
               </TextLine>
               <TextLine ID="r1l20"
                         BASELINE="335,971 364,971 394,971 424,971 454,971 483,969 513,969 543,969 573,968 602,968 632,968 662,966 692,966 721,966 751,966 781,966 811,966 840,966 870,968 900,968 930,969"
                         HEIGHT="35"
                         WIDTH="595"
                         VPOS="946"
                         HPOS="335">
                  <String ID="string_r1l20"
                          HEIGHT="35"
                          WIDTH="595"
                          VPOS="946"
                          HPOS="335"
                          CONTENT="Zum Blendwerk dient der Heil’genſchein,"/>
               </TextLine>
               <TextLine ID="r1l21"
                         BASELINE="330,1005 355,1007 381,1007 406,1008 432,1008 457,1008 483,1007 509,1007 534,1007 560,1005 585,1005 611,1005 636,1004 662,1003 688,1002 713,1002 739,1002 764,1002 790,1002 833,1005"
                         HEIGHT="36"
                         WIDTH="511"
                         VPOS="982"
                         HPOS="330">
                  <String ID="string_r1l21"
                          HEIGHT="36"
                          WIDTH="511"
                          VPOS="982"
                          HPOS="330"
                          CONTENT="Darunter grinzt die Teufelsfratze,"/>
               </TextLine>
               <TextLine ID="r1l22"
                         BASELINE="333,1044 363,1043 394,1043 425,1043 456,1041 486,1041 517,1040 548,1040 579,1040 609,1040 640,1040 671,1038 702,1038 732,1038 763,1038 794,1038 825,1040 855,1040 886,1040 917,1040 948,1041"
                         HEIGHT="36"
                         WIDTH="615"
                         VPOS="1018"
                         HPOS="333">
                  <String ID="string_r1l22"
                          HEIGHT="36"
                          WIDTH="615"
                          VPOS="1018"
                          HPOS="333"
                          CONTENT="Ein Wolf im Schafspelz, ſchleicht ſich ein"/>
               </TextLine>
               <TextLine ID="r1l23"
                         BASELINE="329,1077 354,1077 379,1079 404,1079 430,1079 455,1079 480,1079 505,1079 531,1077 556,1077 581,1077 606,1076 632,1076 657,1074 682,1074 707,1074 733,1073 758,1073 783,1073 826,1076"
                         HEIGHT="36"
                         WIDTH="498"
                         VPOS="1053"
                         HPOS="329">
                  <String ID="string_r1l23"
                          HEIGHT="36"
                          WIDTH="498"
                          VPOS="1053"
                          HPOS="329"
                          CONTENT="Der Pfaffe mit und ohne Glatze."/>
               </TextLine>
               <TextLine ID="r1l24"
                         BASELINE="329,1148 357,1148 385,1151 413,1151 441,1151 470,1151 498,1151 526,1151 554,1150 582,1149 611,1148 639,1148 667,1146 695,1146 723,1145 752,1145 780,1145 808,1145 836,1145 864,1146 893,1146"
                         HEIGHT="36"
                         WIDTH="564"
                         VPOS="1125"
                         HPOS="329">
                  <String ID="string_r1l24"
                          HEIGHT="36"
                          WIDTH="564"
                          VPOS="1125"
                          HPOS="329"
                          CONTENT="Sie ſprechen, während mit der Ruthe"/>
               </TextLine>
               <TextLine ID="r1l25"
                         BASELINE="329,1181 357,1182 386,1184 414,1185 443,1187 471,1187 500,1187 528,1187 557,1185 585,1185 614,1184 642,1184 671,1183 699,1182 728,1181 756,1181 785,1181 813,1182 842,1182 870,1184 899,1187"
                         HEIGHT="36"
                         WIDTH="570"
                         VPOS="1161"
                         HPOS="329">
                  <String ID="string_r1l25"
                          HEIGHT="36"
                          WIDTH="570"
                          VPOS="1161"
                          HPOS="329"
                          CONTENT="Sie euch wie bangen Kindern droh’n,"/>
               </TextLine>
               <TextLine ID="r1l26"
                         BASELINE="330,1221 355,1222 381,1223 407,1223 433,1223 459,1221 485,1221 510,1221 536,1221 562,1220 588,1220 614,1219 640,1218 665,1218 691,1218 717,1218 743,1218 769,1218 795,1220"
                         HEIGHT="35"
                         WIDTH="465"
                         VPOS="1198"
                         HPOS="330">
                  <String ID="string_r1l26"
                          HEIGHT="35"
                          WIDTH="465"
                          VPOS="1198"
                          HPOS="330"
                          CONTENT="In maßlos frechem Uebermuthe"/>
               </TextLine>
               <TextLine ID="r1l27"
                         BASELINE="329,1257 354,1259 379,1259 404,1260 429,1259 454,1259 479,1259 504,1259 529,1257 554,1257 579,1256 604,1256 629,1256 654,1256 679,1255 704,1256 729,1256 755,1257"
                         HEIGHT="35"
                         WIDTH="426"
                         VPOS="1235"
                         HPOS="329">
                  <String ID="string_r1l27"
                          HEIGHT="35"
                          WIDTH="426"
                          VPOS="1235"
                          HPOS="329"
                          CONTENT="Beſchworenen Geſetzen Hohn."/>
               </TextLine>
               <TextLine ID="r1l28"
                         BASELINE="338,1326 363,1328 388,1329 413,1329 438,1329 463,1329 488,1329 513,1329 539,1329 564,1328 589,1328 614,1328 639,1328 664,1328 689,1328 714,1328 760,1329"
                         HEIGHT="33"
                         WIDTH="429"
                         VPOS="1306"
                         HPOS="338">
                  <String ID="string_r1l28"
                          HEIGHT="33"
                          WIDTH="429"
                          VPOS="1306"
                          HPOS="338"
                          CONTENT="Ich haſſe dieſe Bande tiefer,"/>
               </TextLine>
               <TextLine ID="r1l29"
                         BASELINE="332,1362 357,1364 382,1365 407,1365 433,1365 458,1367 483,1367 509,1366 534,1365 559,1365 584,1365 610,1364 635,1364 660,1363 686,1362 711,1362 736,1362 778,1366"
                         HEIGHT="35"
                         WIDTH="447"
                         VPOS="1342"
                         HPOS="332">
                  <String ID="string_r1l29"
                          HEIGHT="35"
                          WIDTH="447"
                          VPOS="1342"
                          HPOS="332"
                          CONTENT="Als Pestilenz und Ungeziefer,"/>
               </TextLine>
               <TextLine ID="r1l30"
                         BASELINE="330,1397 356,1398 382,1399 409,1400 435,1400 462,1400 488,1401 514,1401 541,1400 567,1400 594,1400 620,1400 646,1400 673,1400 699,1400 726,1400 752,1400 778,1400 805,1401 831,1401 858,1403"
                         HEIGHT="36"
                         WIDTH="528"
                         VPOS="1377"
                         HPOS="330">
                  <String ID="string_r1l30"
                          HEIGHT="36"
                          WIDTH="528"
                          VPOS="1377"
                          HPOS="330"
                          CONTENT="Und kommt mir einer in die Quer,"/>
               </TextLine>
               <TextLine ID="r1l31"
                         BASELINE="335,1431 360,1433 385,1434 411,1434 436,1436 462,1436 487,1436 512,1436 538,1436 563,1436 589,1435 614,1434 640,1434 665,1434 690,1434 716,1434 741,1434 767,1434 792,1436 818,1437"
                         HEIGHT="36"
                         WIDTH="483"
                         VPOS="1411"
                         HPOS="335">
                  <String ID="string_r1l31"
                          HEIGHT="36"
                          WIDTH="483"
                          VPOS="1411"
                          HPOS="335"
                          CONTENT="So fall’ ich wüthend drüber her"/>
               </TextLine>
               <TextLine ID="r1l32"
                         BASELINE="336,1469 362,1469 388,1470 414,1472 440,1472 467,1472 493,1472 519,1472 545,1472 571,1472 598,1472 624,1472 650,1472 676,1472 702,1472 729,1471 755,1472 781,1472 807,1472 834,1472"
                         HEIGHT="33"
                         WIDTH="498"
                         VPOS="1449"
                         HPOS="336">
                  <String ID="string_r1l32"
                          HEIGHT="33"
                          WIDTH="498"
                          VPOS="1449"
                          HPOS="336"
                          CONTENT="Und rufe: Knüppel aus dem Sack"/>
               </TextLine>
               <TextLine ID="r1l33"
                         BASELINE="332,1503 359,1504 386,1505 413,1506 441,1506 468,1506 495,1508 523,1508 550,1508 577,1508 605,1508 632,1508 659,1506 686,1506 714,1506 741,1506 768,1508 796,1508 823,1508 850,1508 893,1511"
                         HEIGHT="36"
                         WIDTH="567"
                         VPOS="1483"
                         HPOS="332">
                  <String ID="string_r1l33"
                          HEIGHT="36"
                          WIDTH="567"
                          VPOS="1483"
                          HPOS="332"
                          CONTENT="Auf’s Heuchlervolk, auf’s Muckerpack."/>
               </TextLine>
               <TextLine ID="r1l34"
                         BASELINE="288,1544 330,1545 372,1545 414,1546 456,1547 498,1547 540,1547 583,1547 625,1547 667,1547 709,1547 751,1547 793,1547 835,1547 878,1547 920,1547 962,1547 1004,1547 1046,1547 1088,1547 1131,1547"
                         HEIGHT="33"
                         WIDTH="843"
                         VPOS="1524"
                         HPOS="288">
                  <String ID="string_r1l34"
                          HEIGHT="33"
                          WIDTH="843"
                          VPOS="1524"
                          HPOS="288"
                          CONTENT="Solch plumpem und frechem Spott, der das Hei⸗"/>
               </TextLine>
               <TextLine ID="r1l35"
                         BASELINE="173,1587 220,1587 268,1589 315,1589 363,1589 410,1589 458,1589 505,1589 553,1590 600,1590 648,1590 696,1590 743,1590 791,1590 838,1590 886,1590 933,1590 981,1590 1028,1590 1076,1592 1124,1592"
                         HEIGHT="35"
                         WIDTH="951"
                         VPOS="1567"
                         HPOS="173">
                  <String ID="string_r1l35"
                          HEIGHT="35"
                          WIDTH="951"
                          VPOS="1567"
                          HPOS="173"
                          CONTENT="ligſte mit ſo gemeinem ‚Hausknechtswitz beſudelt’, begegnet"/>
               </TextLine>
               <TextLine ID="r1l36"
                         BASELINE="173,1629 220,1629 267,1629 314,1629 361,1629 408,1630 455,1631 502,1631 549,1631 596,1631 643,1631 690,1631 737,1631 784,1632 831,1632 878,1632 925,1632 972,1632 1019,1632 1066,1631 1135,1637"
                         HEIGHT="33"
                         WIDTH="972"
                         VPOS="1609"
                         HPOS="173">
                  <String ID="string_r1l36"
                          HEIGHT="33"
                          WIDTH="972"
                          VPOS="1609"
                          HPOS="173"
                          CONTENT="man nur ſelten in der allergewöhnlichſten Tagespreſſe;"/>
               </TextLine>
               <TextLine ID="r1l37"
                         BASELINE="173,1673 220,1673 267,1673 315,1673 362,1673 410,1673 457,1673 505,1674 552,1674 600,1674 647,1674 694,1674 742,1674 789,1674 837,1674 884,1674 932,1674 979,1674 1027,1674 1074,1673 1122,1673"
                         HEIGHT="31"
                         WIDTH="949"
                         VPOS="1653"
                         HPOS="173">
                  <String ID="string_r1l37"
                          HEIGHT="31"
                          WIDTH="949"
                          VPOS="1653"
                          HPOS="173"
                          CONTENT="daß aber die hervorragendſten Organe der deutſchen Preſſe"/>
               </TextLine>
               <TextLine ID="r1l38"
                         BASELINE="166,1719 231,1719 278,1719 325,1719 372,1721 419,1721 466,1721 512,1721 559,1721 606,1721 653,1721 700,1721 747,1721 794,1721 840,1721 887,1721 934,1721 981,1721 1028,1721 1075,1721 1122,1721"
                         HEIGHT="33"
                         WIDTH="958"
                         VPOS="1698"
                         HPOS="164">
                  <String ID="string_r1l38"
                          HEIGHT="33"
                          WIDTH="958"
                          VPOS="1698"
                          HPOS="164"
                          CONTENT="ſo jämmerlich und namenlos geſunken ſeien, daß ſie Kri⸗"/>
               </TextLine>
               <TextLine ID="r1l39"
                         BASELINE="170,1764 217,1766 265,1766 312,1767 360,1767 407,1769 455,1769 502,1769 550,1770 597,1770 645,1770 693,1770 740,1770 788,1770 835,1769 883,1769 930,1769 978,1769 1025,1769 1073,1770 1141,1771"
                         HEIGHT="36"
                         WIDTH="966"
                         VPOS="1744"
                         HPOS="170">
                  <String ID="string_r1l39"
                          HEIGHT="36"
                          WIDTH="966"
                          VPOS="1744"
                          HPOS="170"
                          CONTENT="tiken ihre Spalten öffnen, welche dergleichen als werthvollen"/>
               </TextLine>
               <TextLine ID="r1l40"
                         BASELINE="167,1811 215,1811 263,1812 311,1812 359,1814 407,1814 455,1814 504,1815 552,1815 600,1815 648,1815 696,1815 744,1815 792,1817 841,1817 889,1817 937,1817 985,1817 1033,1817 1081,1817 1130,1817"
                         HEIGHT="36"
                         WIDTH="963"
                         VPOS="1791"
                         HPOS="167">
                  <String ID="string_r1l40"
                          HEIGHT="36"
                          WIDTH="963"
                          VPOS="1791"
                          HPOS="167"
                          CONTENT="poetiſchen Schatz und hervorragende literariſche"/>
               </TextLine>
               <TextLine ID="r1l41"
                         BASELINE="179,1857 226,1857 274,1857 322,1859 370,1859 418,1859 466,1859 513,1859 561,1860 609,1860 657,1860 705,1860 753,1862 801,1862 848,1862 896,1862 944,1862 992,1862 1040,1863 1088,1863 1136,1863"
                         HEIGHT="36"
                         WIDTH="957"
                         VPOS="1837"
                         HPOS="179">
                  <String ID="string_r1l41"
                          HEIGHT="36"
                          WIDTH="957"
                          VPOS="1837"
                          HPOS="179"
                          CONTENT="Leiſtung dem deutſchen Volke anpreiſen, das ſei"/>
               </TextLine>
               <TextLine ID="line_1614846765592_656"
                         BASELINE="180,1901 214,1902 248,1904 282,1904 316,1905 350,1905 384,1905 418,1905 452,1905 486,1905 520,1905 554,1905 588,1905 622,1905 656,1905 690,1905 724,1905 758,1905 792,1906 826,1907 860,1908 893,1910 918,1908 944,1907 970,1907 995,1907 1021,1907 1047,1908 1072,1908 1098,1908 1124,1907"
                         HEIGHT="39"
                         WIDTH="944"
                         VPOS="1881"
                         HPOS="180">
                  <String ID="string_line_1614846765592_656"
                          HEIGHT="39"
                          WIDTH="944"
                          VPOS="1881"
                          HPOS="180"
                          CONTENT="hierdurch feſtgeſtellt und dagegen hiermit zu Ehren des"/>
               </TextLine>
               <TextLine ID="line_1614846769238_660"
                         BASELINE="170,1946 202,1947 234,1948 266,1949 299,1949 331,1950 363,1950 395,1950 428,1950 460,1950 492,1949 524,1949 557,1949 589,1949 621,1949 653,1949 686,1950 718,1950 750,1952 782,1952 815,1953 882,1952 909,1952 936,1953 963,1953 990,1953 1017,1953 1044,1953 1071,1953 1098,1953 1125,1953"
                         HEIGHT="37"
                         WIDTH="955"
                         VPOS="1926"
                         HPOS="170">
                  <String ID="string_line_1614846769238_660"
                          HEIGHT="37"
                          WIDTH="955"
                          VPOS="1926"
                          HPOS="170"
                          CONTENT="deutſchen Volkes Verwahrung eingelegt Dem Till Ridi⸗"/>
               </TextLine>
               <TextLine ID="line_1614846773429_664"
                         BASELINE="180,1991 212,1992 244,1992 277,1994 309,1994 341,1994 374,1994 406,1995 438,1995 471,1995 503,1994 535,1994 568,1994 600,1994 632,1994 665,1995 697,1995 729,1995 762,1997 794,1998 827,1998 864,1995 891,1997 918,1997 945,1998 973,1998 1000,1998 1027,1998 1055,1997 1082,1997 1109,1997 1137,1995"
                         HEIGHT="37"
                         WIDTH="957"
                         VPOS="1971"
                         HPOS="180">
                  <String ID="string_line_1614846773429_664"
                          HEIGHT="37"
                          WIDTH="957"
                          VPOS="1971"
                          HPOS="180"
                          CONTENT="vivus ſelbst iſt in ſeinem eigenen Intereſſe nichts anderes"/>
               </TextLine>
               <TextLine ID="line_1614846778290_668"
                         BASELINE="170,2040 202,2040 234,2040 267,2040 299,2040 332,2040 364,2040 397,2040 429,2039 462,2039 494,2039 526,2039 559,2039 591,2039 624,2039 656,2039 689,2040 721,2040 754,2040 786,2042 819,2043 864,2043 889,2043 914,2043 939,2043 964,2043 989,2043 1014,2043 1039,2043 1064,2043 1089,2042 1114,2042 1140,2042"
                         HEIGHT="34"
                         WIDTH="970"
                         VPOS="2019"
                         HPOS="170">
                  <String ID="string_line_1614846778290_668"
                          HEIGHT="34"
                          WIDTH="970"
                          VPOS="2019"
                          HPOS="170"
                          CONTENT="zu wünſchen, als daß er möglichſt bald ſich möge wieder"/>
               </TextLine>
               <TextLine ID="r1l50"
                         BASELINE="176,2082 209,2084 243,2085 276,2085 310,2085 344,2085 377,2085 411,2085 444,2085 478,2085 512,2084 545,2084 579,2084 612,2084 646,2084 680,2084 713,2084 747,2085 780,2086 814,2087 848,2090"
                         HEIGHT="38"
                         WIDTH="672"
                         VPOS="2062"
                         HPOS="176">
                  <String ID="string_r1l50"
                          HEIGHT="38"
                          WIDTH="672"
                          VPOS="2062"
                          HPOS="176"
                          CONTENT="begraben laſſen in völliger Vergeſſenheit."/>
               </TextLine>
               <TextLine ID="line_1614846782765_672"
                         BASELINE="273,2129 304,2130 335,2133 366,2132 869,2130 894,2133 919,2133 944,2133 969,2132 994,2132 1019,2132 1044,2135"
                         HEIGHT="36"
                         WIDTH="771"
                         VPOS="2109"
                         HPOS="273">
                  <String ID="string_line_1614846782765_672"
                          HEIGHT="36"
                          WIDTH="771"
                          VPOS="2109"
                          HPOS="273"
                          CONTENT="Laer. Kotthoff."/>
               </TextLine>
               <TextLine ID="r1l53"
                         BASELINE="482,2240 508,2240 535,2240 561,2240 588,2238 614,2238 641,2238 667,2238 694,2238 720,2238 747,2238 773,2239 800,2240 827,2241"
                         HEIGHT="33"
                         WIDTH="345"
                         VPOS="2218"
                         HPOS="482">
                  <String ID="string_r1l53"
                          HEIGHT="33"
                          WIDTH="345"
                          VPOS="2218"
                          HPOS="482"
                          CONTENT="Unterrichtsliteratur."/>
               </TextLine>
               <TextLine ID="r1l54"
                         BASELINE="171,2306 218,2304 266,2304 314,2304 362,2303 410,2303 458,2303 505,2303 553,2301 601,2301 649,2301 697,2301 745,2301 793,2301 840,2301 888,2303 936,2303 984,2303 1032,2304 1080,2304 1128,2306"
                         HEIGHT="35"
                         WIDTH="957"
                         VPOS="2281"
                         HPOS="171">
                  <String ID="string_r1l54"
                          HEIGHT="35"
                          WIDTH="957"
                          VPOS="2281"
                          HPOS="171"
                          CONTENT="Kleine Kirchengeſchichte mit Bildern für katholiſche Volks⸗"/>
               </TextLine>
               <TextLine ID="r1l55"
                         BASELINE="273,2354 316,2352 359,2351 402,2349 445,2348 488,2348 531,2348 574,2346 617,2346 660,2346 703,2346 746,2346 789,2348 832,2348 875,2348 918,2348 961,2349 1004,2349 1047,2349 1090,2349 1134,2349"
                         HEIGHT="38"
                         WIDTH="861"
                         VPOS="2326"
                         HPOS="273">
                  <String ID="string_r1l55"
                          HEIGHT="38"
                          WIDTH="861"
                          VPOS="2326"
                          HPOS="273"
                          CONTENT="ſchulen. 8. München. Stahl. 1875. 91 S. Preis:"/>
               </TextLine>
               <TextLine ID="r1l56"
                         BASELINE="273,2394 298,2393 324,2393 350,2394 375,2394 401,2394 427,2394 453,2394"
                         HEIGHT="31"
                         WIDTH="180"
                         VPOS="2373"
                         HPOS="273">
                  <String ID="string_r1l56"
                          HEIGHT="31"
                          WIDTH="180"
                          VPOS="2373"
                          HPOS="273"
                          CONTENT="0,40 Mark."/>
               </TextLine>
               <TextLine ID="r1l57"
                         BASELINE="288,2459 330,2457 372,2457 414,2456 457,2456 499,2456 541,2454 584,2454 626,2454 668,2454 711,2454 753,2454 795,2454 837,2454 880,2454 922,2454 964,2455 1007,2456 1049,2456 1091,2456 1134,2457"
                         HEIGHT="35"
                         WIDTH="846"
                         VPOS="2434"
                         HPOS="288">
                  <String ID="string_r1l57"
                          HEIGHT="35"
                          WIDTH="846"
                          VPOS="2434"
                          HPOS="288"
                          CONTENT="Ueber das Bedürfniß einer Kirchengeſchichte im"/>
               </TextLine>
               <TextLine ID="r1l58"
                         BASELINE="183,2502 230,2502 278,2502 326,2502 373,2502 421,2502 469,2502 516,2501 564,2501 612,2501 660,2501 707,2499 755,2499 803,2499 850,2499 898,2499 946,2499 993,2499 1041,2499 1089,2501 1137,2501"
                         HEIGHT="33"
                         WIDTH="954"
                         VPOS="2479"
                         HPOS="183">
                  <String ID="string_r1l58"
                          HEIGHT="33"
                          WIDTH="954"
                          VPOS="2479"
                          HPOS="183"
                          CONTENT="Rahmen eines kleinen und praktiſchen Büchleins für katho⸗"/>
               </TextLine>
               <TextLine ID="r1l59"
                         BASELINE="177,2546 225,2546 273,2547 321,2547 369,2547 417,2547 465,2547 513,2547 561,2546 609,2546 657,2546 705,2544 753,2544 801,2544 849,2544 897,2544 945,2544 993,2544 1041,2544 1089,2546 1137,2547"
                         HEIGHT="33"
                         WIDTH="960"
                         VPOS="2524"
                         HPOS="177">
                  <String ID="string_r1l59"
                          HEIGHT="33"
                          WIDTH="960"
                          VPOS="2524"
                          HPOS="177"
                          CONTENT="liſche Volksſchulen dürften alle Katecheten und katholiſchen"/>
               </TextLine>
               <TextLine ID="r1l60"
                         BASELINE="188,2592 235,2592 283,2592 331,2594 378,2593 426,2592 474,2592 521,2592 569,2591 617,2591 665,2591 712,2589 760,2589 808,2589 855,2589 903,2589 951,2589 998,2589 1046,2590 1094,2591 1142,2592"
                         HEIGHT="35"
                         WIDTH="954"
                         VPOS="2569"
                         HPOS="188">
                  <String ID="string_r1l60"
                          HEIGHT="35"
                          WIDTH="954"
                          VPOS="2569"
                          HPOS="188"
                          CONTENT="Schullehrer gleicher Meinung ſein und dem Ungenannten"/>
               </TextLine>
               <TextLine ID="r1l61"
                         BASELINE="182,2636 229,2637 276,2638 324,2639 371,2639 419,2639 466,2639 513,2637 561,2637 608,2636 656,2636 703,2635 750,2634 798,2634 845,2634 893,2633 940,2634 987,2634 1035,2636 1082,2637 1149,2639"
                         HEIGHT="36"
                         WIDTH="971"
                         VPOS="2613"
                         HPOS="182">
                  <String ID="string_r1l61"
                          HEIGHT="36"
                          WIDTH="971"
                          VPOS="2613"
                          HPOS="182"
                          CONTENT="Beifall und Dank zollen, der ſich zuerſt an dieſe äußerſt"/>
               </TextLine>
               <TextLine ID="r1l62"
                         BASELINE="191,2682 238,2684 286,2684 333,2684 381,2684 428,2684 476,2684 523,2684 571,2682 618,2682 666,2681 714,2679 761,2679 809,2679 856,2678 904,2678 951,2678 999,2679 1046,2679 1094,2681 1142,2684"
                         HEIGHT="36"
                         WIDTH="951"
                         VPOS="2658"
                         HPOS="191">
                  <String ID="string_r1l62"
                          HEIGHT="36"
                          WIDTH="951"
                          VPOS="2658"
                          HPOS="191"
                          CONTENT="ſchwierige und mehr für angeborenes Geſchick als großen"/>
               </TextLine>
               <TextLine ID="r1l63"
                         BASELINE="201,2726 247,2727 294,2729 341,2729 388,2730 435,2729 481,2729 528,2729 575,2728 622,2727 669,2726 715,2726 762,2724 809,2724 856,2723 903,2723 949,2723 996,2723 1043,2723 1090,2723 1137,2724"
                         HEIGHT="37"
                         WIDTH="936"
                         VPOS="2703"
                         HPOS="201">
                  <String ID="string_r1l63"
                          HEIGHT="37"
                          WIDTH="936"
                          VPOS="2703"
                          HPOS="201"
                          CONTENT="Scharfſinn und weit verbreitete Gelehrſamkeit lösbare Auf⸗"/>
               </TextLine>
               <TextLine ID="r1l64"
                         BASELINE="182,2771 229,2773 277,2775 324,2775 372,2777 420,2777 467,2775 515,2775 562,2774 610,2774 658,2772 705,2771 753,2769 800,2769 848,2768 896,2768 943,2768 991,2768 1038,2768 1086,2769 1134,2771"
                         HEIGHT="39"
                         WIDTH="952"
                         VPOS="2748"
                         HPOS="182">
                  <String ID="string_r1l64"
                          HEIGHT="39"
                          WIDTH="952"
                          VPOS="2748"
                          HPOS="182"
                          CONTENT="gabe herangewagt hat. Die große Schwierigkeit des Unter⸗"/>
               </TextLine>
               <TextLine ID="r1l65"
                         BASELINE="192,2816 239,2818 287,2819 334,2820 382,2822 429,2822 477,2820 524,2820 572,2819 619,2819 667,2817 715,2816 762,2815 810,2814 857,2813 905,2813 952,2813 1000,2813 1047,2814 1095,2814 1143,2817"
                         HEIGHT="39"
                         WIDTH="951"
                         VPOS="2793"
                         HPOS="192">
                  <String ID="string_r1l65"
                          HEIGHT="39"
                          WIDTH="951"
                          VPOS="2793"
                          HPOS="192"
                          CONTENT="nehmens liegt zunächſt in der Größe und Unabgegrenztheit"/>
               </TextLine>
               <TextLine ID="r1l66"
                         BASELINE="191,2856 240,2862 289,2864 339,2867 388,2868 438,2868 487,2868 536,2867 586,2867 635,2864 685,2863 734,2861 784,2859 833,2858 882,2857 932,2856 981,2856 1031,2857 1080,2859 1130,2862"
                         HEIGHT="42"
                         WIDTH="939"
                         VPOS="2836"
                         HPOS="191">
                  <String ID="string_r1l66"
                          HEIGHT="42"
                          WIDTH="939"
                          VPOS="2836"
                          HPOS="191"
                          CONTENT="des Stoffes. In der bibliſchen Geſchichte des alten un"/>
               </TextLine>
               <TextLine ID="r1l67"
                         BASELINE="194,2903 241,2906 289,2910 336,2912 384,2913 431,2913 479,2913 526,2913 574,2912 621,2910 669,2909 717,2907 764,2906 812,2904 859,2903 907,2901 954,2901 1002,2901 1049,2901 1097,2903 1145,2904"
                         HEIGHT="42"
                         WIDTH="951"
                         VPOS="2881"
                         HPOS="194">
                  <String ID="string_r1l67"
                          HEIGHT="42"
                          WIDTH="951"
                          VPOS="2881"
                          HPOS="194"
                          CONTENT="neuen Teſtamentes findet der Katechet und Kinderſchrift⸗"/>
               </TextLine>
               <TextLine ID="r1l68"
                         BASELINE="187,2951 247,2953 294,2956 341,2958 389,2958 436,2958 483,2958 530,2958 578,2957 625,2955 672,2954 719,2952 767,2951 814,2949 861,2948 908,2948 956,2946 1003,2946 1050,2948 1097,2949 1145,2951"
                         HEIGHT="42"
                         WIDTH="963"
                         VPOS="2926"
                         HPOS="182">
                  <String ID="string_r1l68"
                          HEIGHT="42"
                          WIDTH="963"
                          VPOS="2926"
                          HPOS="182"
                          CONTENT="ſteller ein abgeſchloſſenes Ganze, welches er unter Leitung"/>
               </TextLine>
               <TextLine ID="r1l69"
                         BASELINE="185,2993 232,2997 280,3000 327,3002 375,3003 422,3005 470,3005 517,3003 565,3003 612,3002 660,3000 708,2998 755,2997 803,2996 850,2994 898,2993 945,2992 993,2991 1040,2993 1088,2994 1150,2995"
                         HEIGHT="44"
                         WIDTH="966"
                         VPOS="2971"
                         HPOS="185">
                  <String ID="string_r1l69"
                          HEIGHT="44"
                          WIDTH="966"
                          VPOS="2971"
                          HPOS="185"
                          CONTENT="der Lehrautorität der inſpirirten Verfaſſer der hl. Schriften"/>
               </TextLine>
               <TextLine ID="r1l70"
                         BASELINE="191,3039 238,3043 285,3045 332,3048 380,3050 427,3050 474,3050 522,3050 569,3048 616,3047 664,3046 711,3044 758,3042 805,3041 853,3039 900,3038 947,3037 995,3036 1042,3036 1089,3038 1137,3038"
                         HEIGHT="44"
                         WIDTH="946"
                         VPOS="3016"
                         HPOS="191">
                  <String ID="string_r1l70"
                          HEIGHT="44"
                          WIDTH="946"
                          VPOS="3016"
                          HPOS="191"
                          CONTENT="und der traditionellen Auffaſſung der Kirche je nach mehr"/>
               </TextLine>
               <TextLine ID="r1l71"
                         BASELINE="198,3083 245,3087 293,3090 340,3093 388,3095 435,3096 483,3096 530,3095 578,3095 625,3093 673,3092 720,3090 768,3089 815,3087 863,3085 910,3084 958,3083 1005,3083 1053,3083 1100,3083 1148,3086"
                         HEIGHT="43"
                         WIDTH="950"
                         VPOS="3063"
                         HPOS="198">
                  <String ID="string_r1l71"
                          HEIGHT="43"
                          WIDTH="950"
                          VPOS="3063"
                          HPOS="198"
                          CONTENT="oder minder vollkommener Beherrſchung des Stoffes beſſer"/>
               </TextLine>
               <TextLine ID="r1l72"
                         BASELINE="185,3126 232,3132 280,3136 328,3140 376,3141 424,3143 472,3143 520,3143 568,3143 616,3141 664,3140 711,3138 759,3137 807,3135 855,3132 903,3131 951,3129 999,3129 1047,3129 1095,3129 1143,3129"
                         HEIGHT="47"
                         WIDTH="958"
                         VPOS="3106"
                         HPOS="185">
                  <String ID="string_r1l72"
                          HEIGHT="47"
                          WIDTH="958"
                          VPOS="3106"
                          HPOS="185"
                          CONTENT="oder minder gut, aber immerhin im Weſen richtig wieder⸗"/>
               </TextLine>
            </TextBlock>
            <TextBlock ID="TextRegion_1614846695495_635"
                       HEIGHT="2956"
                       WIDTH="1053"
                       VPOS="187"
                       HPOS="1154">
               <Shape>
                  <Polygon POINTS="1154,214 2181,187 2207,3138 1186,3143"/>
               </Shape>
               <TextLine ID="r2l3"
                         BASELINE="1193,255 1240,254 1287,252 1334,251 1382,249 1429,249 1476,248 1523,248 1571,248 1618,248 1665,248 1712,249 1760,249 1807,249 1854,249 1901,249 1949,249 1996,249 2043,248 2090,248 2138,246"
                         HEIGHT="40"
                         WIDTH="945"
                         VPOS="225"
                         HPOS="1193">
                  <String ID="string_r2l3"
                          HEIGHT="40"
                          WIDTH="945"
                          VPOS="225"
                          HPOS="1193"
                          CONTENT="gibt und darſtellt. Für die Auffaſſung und Darſtellung"/>
               </TextLine>
               <TextLine ID="r2l4"
                         BASELINE="1194,299 1240,297 1287,296 1334,296 1381,294 1428,294 1474,294 1521,294 1568,293 1615,293 1662,293 1708,293 1755,293 1802,293 1849,293 1896,293 1942,293 1989,293 2036,293 2083,293 2154,294"
                         HEIGHT="40"
                         WIDTH="959"
                         VPOS="269"
                         HPOS="1194">
                  <String ID="string_r2l4"
                          HEIGHT="40"
                          WIDTH="959"
                          VPOS="269"
                          HPOS="1194"
                          CONTENT="der Kirchengeſchichte gibt es dagegen keine andere Autori⸗"/>
               </TextLine>
               <TextLine ID="r2l5"
                         BASELINE="1191,344 1238,342 1286,341 1334,339 1382,339 1430,338 1477,338 1525,338 1573,338 1621,338 1669,338 1716,338 1764,338 1812,338 1860,338 1908,338 1955,338 2003,338 2051,338 2099,338 2147,338"
                         HEIGHT="37"
                         WIDTH="956"
                         VPOS="317"
                         HPOS="1191">
                  <String ID="string_r2l5"
                          HEIGHT="37"
                          WIDTH="956"
                          VPOS="317"
                          HPOS="1191"
                          CONTENT="tätsſchranke, als die Verheißung des Erlösers, daß Er bei"/>
               </TextLine>
               <TextLine ID="r2l6"
                         BASELINE="1191,388 1249,387 1296,386 1342,385 1389,384 1436,383 1482,383 1529,383 1576,383 1622,383 1669,383 1716,383 1762,383 1809,383 1856,383 1902,383 1949,383 1996,383 2042,383 2089,383 2151,384"
                         HEIGHT="41"
                         WIDTH="970"
                         VPOS="359"
                         HPOS="1188">
                  <String ID="string_r2l6"
                          HEIGHT="41"
                          WIDTH="970"
                          VPOS="359"
                          HPOS="1188"
                          CONTENT="ſeiner Kirche bleiben und ihr für ewig Seinen hl. Geiſt"/>
               </TextLine>
               <TextLine ID="r2l7"
                         BASELINE="1187,434 1250,432 1297,431 1344,429 1392,428 1439,428 1486,428 1533,426 1581,426 1628,426 1675,426 1722,426 1770,428 1817,428 1864,428 1911,428 1959,428 2006,428 2053,428 2100,428 2148,426"
                         HEIGHT="39"
                         WIDTH="964"
                         VPOS="405"
                         HPOS="1184">
                  <String ID="string_r2l7"
                          HEIGHT="39"
                          WIDTH="964"
                          VPOS="405"
                          HPOS="1184"
                          CONTENT="ſenden werde; der Abschluß derſelben liegt im undurchdring⸗"/>
               </TextLine>
               <TextLine ID="r2l8"
                         BASELINE="1191,480 1238,479 1285,478 1332,477 1379,476 1426,474 1473,474 1520,473 1567,473 1614,473 1662,473 1709,473 1756,473 1803,473 1850,473 1897,473 1944,473 1991,473 2038,473 2085,473 2150,471"
                         HEIGHT="37"
                         WIDTH="962"
                         VPOS="453"
                         HPOS="1191">
                  <String ID="string_r2l8"
                          HEIGHT="37"
                          WIDTH="962"
                          VPOS="453"
                          HPOS="1191"
                          CONTENT="lichen Dunkel der Zukunft, und die Wege dahin ſind theil⸗"/>
               </TextLine>
               <TextLine ID="r2l9"
                         BASELINE="1191,522 1238,522 1285,521 1333,521 1380,519 1428,519 1475,518 1522,518 1570,518 1617,518 1665,516 1712,516 1759,516 1807,516 1854,516 1902,516 1949,518 1996,518 2044,518 2091,518 2139,518"
                         HEIGHT="36"
                         WIDTH="948"
                         VPOS="496"
                         HPOS="1191">
                  <String ID="string_r2l9"
                          HEIGHT="36"
                          WIDTH="948"
                          VPOS="496"
                          HPOS="1191"
                          CONTENT="weiſe ſchwer verſtändlich bezüglich der Vergangenheit, ganz"/>
               </TextLine>
               <TextLine ID="r2l10"
                         BASELINE="1190,570 1250,567 1297,566 1344,564 1391,564 1438,563 1485,563 1532,563 1579,561 1626,561 1674,561 1721,561 1768,561 1815,561 1862,561 1909,561 1956,561 2003,561 2050,561 2097,561 2145,561"
                         HEIGHT="39"
                         WIDTH="952"
                         VPOS="540"
                         HPOS="1193">
                  <String ID="string_r2l10"
                          HEIGHT="39"
                          WIDTH="952"
                          VPOS="540"
                          HPOS="1193"
                          CONTENT="unerfaßbar ſelbſt für die nächſte Zukunft; der ſubjectiven"/>
               </TextLine>
               <TextLine ID="r2l11"
                         BASELINE="1190,611 1238,611 1286,611 1334,611 1382,611 1430,609 1478,609 1526,608 1574,608 1622,607 1670,606 1718,606 1766,605 1814,605 1862,605 1910,605 1958,605 2006,605 2054,606 2102,606 2151,608"
                         HEIGHT="37"
                         WIDTH="961"
                         VPOS="584"
                         HPOS="1190">
                  <String ID="string_r2l11"
                          HEIGHT="37"
                          WIDTH="961"
                          VPOS="584"
                          HPOS="1190"
                          CONTENT="Auffaſſung aller einzelnen und ſämmtlichen Erſcheinungen"/>
               </TextLine>
               <TextLine ID="r2l12"
                         BASELINE="1194,657 1241,657 1289,657 1337,656 1385,656 1433,654 1481,654 1528,653 1576,653 1624,651 1672,651 1720,650 1768,650 1816,650 1863,650 1911,650 1959,650 2007,650 2055,651 2103,651 2151,653"
                         HEIGHT="38"
                         WIDTH="957"
                         VPOS="629"
                         HPOS="1194">
                  <String ID="string_r2l12"
                          HEIGHT="38"
                          WIDTH="957"
                          VPOS="629"
                          HPOS="1194"
                          CONTENT="und Thatſachen iſt gerade in der überall vorauszuſetzenden"/>
               </TextLine>
               <TextLine ID="r2l13"
                         BASELINE="1194,702 1241,702 1289,702 1337,701 1384,701 1432,699 1480,699 1527,698 1575,698 1623,696 1671,696 1718,695 1766,695 1814,695 1861,693 1909,693 1957,693 2004,695 2052,695 2100,696 2148,698"
                         HEIGHT="39"
                         WIDTH="954"
                         VPOS="673"
                         HPOS="1194">
                  <String ID="string_r2l13"
                          HEIGHT="39"
                          WIDTH="954"
                          VPOS="673"
                          HPOS="1194"
                          CONTENT="beſonderen providentiellen Bedeutung viel weniger eine"/>
               </TextLine>
               <TextLine ID="r2l14"
                         BASELINE="1206,746 1252,747 1299,747 1345,746 1392,746 1438,746 1485,744 1531,743 1578,743 1624,741 1671,740 1717,740 1764,738 1810,738 1857,737 1903,737 1950,737 1996,737 2043,738 2089,740 2159,744"
                         HEIGHT="40"
                         WIDTH="951"
                         VPOS="717"
                         HPOS="1206">
                  <String ID="string_r2l14"
                          HEIGHT="40"
                          WIDTH="951"
                          VPOS="717"
                          HPOS="1206"
                          CONTENT="Schranke als ein ins Unberechenbare ſich erweiternder"/>
               </TextLine>
               <TextLine ID="r2l15"
                         BASELINE="1205,789 1252,790 1299,791 1346,791 1394,791 1441,789 1488,789 1535,788 1583,788 1630,786 1677,785 1724,785 1772,783 1819,783 1866,782 1913,782 1961,782 2008,782 2055,783 2102,785 2150,786"
                         HEIGHT="39"
                         WIDTH="945"
                         VPOS="762"
                         HPOS="1205">
                  <String ID="string_r2l15"
                          HEIGHT="39"
                          WIDTH="945"
                          VPOS="762"
                          HPOS="1205"
                          CONTENT="Spielraum gelaſſen. Es kann daher wahrlich keine leichte"/>
               </TextLine>
               <TextLine ID="r2l16"
                         BASELINE="1199,836 1246,836 1293,836 1340,836 1387,836 1434,836 1481,834 1529,834 1576,833 1623,831 1670,831 1717,830 1764,828 1811,828 1859,827 1906,827 1953,827 2000,826 2047,827 2094,827 2158,830"
                         HEIGHT="40"
                         WIDTH="966"
                         VPOS="806"
                         HPOS="1199">
                  <String ID="string_r2l16"
                          HEIGHT="40"
                          WIDTH="966"
                          VPOS="806"
                          HPOS="1199"
                          CONTENT="Aufgabe ſein, einem Kinde in der Volksſchule ein gedräng⸗"/>
               </TextLine>
               <TextLine ID="r2l17"
                         BASELINE="1193,881 1240,881 1287,882 1334,882 1381,881 1428,881 1475,880 1522,879 1569,878 1616,877 1664,876 1711,875 1758,873 1805,873 1852,872 1899,870 1946,870 1993,870 2040,870 2087,871 2156,872"
                         HEIGHT="43"
                         WIDTH="967"
                         VPOS="849"
                         HPOS="1193">
                  <String ID="string_r2l17"
                          HEIGHT="43"
                          WIDTH="967"
                          VPOS="849"
                          HPOS="1193"
                          CONTENT="tes und leichtfaßliches Bild von der Geſchichte der Kirche"/>
               </TextLine>
               <TextLine ID="r2l18"
                         BASELINE="1196,927 1243,927 1291,927 1339,926 1387,926 1434,926 1482,924 1530,924 1578,923 1625,923 1673,921 1721,920 1769,920 1816,919 1864,918 1912,918 1960,917 2007,917 2055,917 2103,917 2151,917"
                         HEIGHT="41"
                         WIDTH="955"
                         VPOS="896"
                         HPOS="1196">
                  <String ID="string_r2l18"
                          HEIGHT="41"
                          WIDTH="955"
                          VPOS="896"
                          HPOS="1196"
                          CONTENT="zeichnen wollen, und noch dazu ein Schulbuch liefern, deſſen"/>
               </TextLine>
               <TextLine ID="r2l19"
                         BASELINE="1208,971 1257,971 1306,971 1356,971 1405,971 1455,971 1504,969 1553,969 1603,969 1652,968 1702,968 1751,966 1801,965 1850,965 1899,963 1949,963 1998,962 2048,960 2097,960 2147,959"
                         HEIGHT="42"
                         WIDTH="939"
                         VPOS="939"
                         HPOS="1208">
                  <String ID="string_r2l19"
                          HEIGHT="42"
                          WIDTH="939"
                          VPOS="939"
                          HPOS="1208"
                          CONTENT="Darſtellung und Lehrgang das Urtheil katholiſcher Volks⸗"/>
               </TextLine>
               <TextLine ID="r2l20"
                         BASELINE="1202,1017 1228,1019 1255,1019 1282,1019 1309,1017 1335,1016 1362,1015 1389,1014 1416,1015 1463,1016"
                         HEIGHT="36"
                         WIDTH="255"
                         VPOS="993"
                         HPOS="1202">
                  <String ID="string_r2l20"
                          HEIGHT="36"
                          WIDTH="255"
                          VPOS="993"
                          HPOS="1202"
                          CONTENT="bildner aushält."/>
               </TextLine>
               <TextLine ID="r2l21"
                         BASELINE="1305,1062 1347,1061 1389,1061 1432,1059 1474,1059 1517,1058 1559,1057 1602,1056 1644,1056 1687,1055 1729,1053 1771,1053 1814,1053 1856,1052 1899,1052 1941,1052 1984,1051 2026,1050 2069,1050 2111,1052 2154,1052"
                         HEIGHT="43"
                         WIDTH="849"
                         VPOS="1029"
                         HPOS="1305">
                  <String ID="string_r2l21"
                          HEIGHT="43"
                          WIDTH="849"
                          VPOS="1029"
                          HPOS="1305"
                          CONTENT="Keineswegs erleichtert wird die Sache durch den"/>
               </TextLine>
               <TextLine ID="r2l22"
                         BASELINE="1197,1107 1244,1107 1292,1106 1340,1106 1388,1104 1436,1104 1484,1103 1531,1103 1579,1102 1627,1101 1675,1101 1723,1100 1771,1100 1819,1100 1866,1099 1914,1098 1962,1098 2010,1098 2058,1097 2106,1097 2154,1097"
                         HEIGHT="41"
                         WIDTH="957"
                         VPOS="1076"
                         HPOS="1197">
                  <String ID="string_r2l22"
                          HEIGHT="41"
                          WIDTH="957"
                          VPOS="1076"
                          HPOS="1197"
                          CONTENT="Umſtand, daß ein ſolches Büchlein ſich ſelbstverſtändlich"/>
               </TextLine>
               <TextLine ID="r2l23"
                         BASELINE="1203,1152 1250,1151 1298,1151 1346,1149 1394,1149 1442,1149 1490,1148 1537,1148 1585,1147 1633,1146 1681,1146 1729,1146 1777,1145 1825,1145 1872,1145 1920,1143 1968,1143 2016,1143 2064,1142 2112,1142 2160,1140"
                         HEIGHT="43"
                         WIDTH="957"
                         VPOS="1119"
                         HPOS="1203">
                  <String ID="string_r2l23"
                          HEIGHT="43"
                          WIDTH="957"
                          VPOS="1119"
                          HPOS="1203"
                          CONTENT="nur als dritter Theil an die bibliſche Geſchichte des alten"/>
               </TextLine>
               <TextLine ID="r2l24"
                         BASELINE="1205,1196 1251,1196 1298,1194 1345,1194 1392,1194 1439,1193 1485,1193 1532,1193 1579,1191 1626,1191 1673,1191 1719,1191 1766,1190 1813,1190 1860,1190 1907,1190 1953,1188 2000,1188 2047,1188 2094,1188 2162,1188"
                         HEIGHT="40"
                         WIDTH="961"
                         VPOS="1166"
                         HPOS="1205">
                  <String ID="string_r2l24"
                          HEIGHT="40"
                          WIDTH="961"
                          VPOS="1166"
                          HPOS="1205"
                          CONTENT="und neuen Teſtamentes anzuſchließen und in conereter"/>
               </TextLine>
               <TextLine ID="r2l25"
                         BASELINE="1203,1242 1250,1241 1298,1241 1346,1239 1394,1239 1442,1238 1490,1238 1537,1238 1585,1237 1633,1236 1681,1236 1729,1236 1777,1236 1825,1235 1872,1235 1920,1235 1968,1235 2016,1233 2064,1233 2112,1233 2160,1233"
                         HEIGHT="40"
                         WIDTH="957"
                         VPOS="1212"
                         HPOS="1203">
                  <String ID="string_r2l25"
                          HEIGHT="40"
                          WIDTH="957"
                          VPOS="1212"
                          HPOS="1203"
                          CONTENT="Form die Verwirklichung und den Fortſchritt des vorberei⸗"/>
               </TextLine>
               <TextLine ID="r2l26"
                         BASELINE="1197,1287 1245,1286 1293,1286 1341,1286 1389,1284 1437,1284 1485,1284 1533,1284 1581,1284 1629,1283 1678,1283 1726,1283 1774,1283 1822,1283 1870,1283 1918,1281 1966,1281 2014,1281 2062,1281 2110,1280 2159,1280"
                         HEIGHT="38"
                         WIDTH="962"
                         VPOS="1259"
                         HPOS="1197">
                  <String ID="string_r2l26"
                          HEIGHT="38"
                          WIDTH="962"
                          VPOS="1259"
                          HPOS="1197"
                          CONTENT="teten und gegründeten Reiches Chriſti unter fortdauerndem"/>
               </TextLine>
               <TextLine ID="r2l27"
                         BASELINE="1203,1332 1250,1331 1298,1331 1345,1331 1393,1330 1440,1329 1488,1329 1535,1329 1583,1329 1630,1329 1678,1329 1726,1329 1773,1328 1821,1328 1868,1328 1916,1328 1963,1328 2011,1326 2058,1326 2106,1325 2154,1325"
                         HEIGHT="38"
                         WIDTH="951"
                         VPOS="1304"
                         HPOS="1203">
                  <String ID="string_r2l27"
                          HEIGHT="38"
                          WIDTH="951"
                          VPOS="1304"
                          HPOS="1203"
                          CONTENT="Kampfe mit den Mächten der Welt und des Böſen nachzu⸗"/>
               </TextLine>
               <TextLine ID="r2l28"
                         BASELINE="1200,1379 1247,1377 1295,1377 1342,1376 1390,1376 1437,1374 1485,1374 1532,1374 1580,1374 1627,1374 1675,1374 1722,1374 1770,1373 1817,1373 1865,1373 1912,1373 1960,1373 2007,1371 2055,1371 2102,1371 2150,1370"
                         HEIGHT="40"
                         WIDTH="950"
                         VPOS="1349"
                         HPOS="1200">
                  <String ID="string_r2l28"
                          HEIGHT="40"
                          WIDTH="950"
                          VPOS="1349"
                          HPOS="1200"
                          CONTENT="weiſen hat. Nahe läge unter dieſen Umſtänden die Verſu⸗"/>
               </TextLine>
               <TextLine ID="r2l29"
                         BASELINE="1206,1422 1253,1422 1301,1422 1348,1422 1396,1422 1444,1422 1491,1422 1539,1421 1587,1421 1634,1421 1682,1421 1730,1419 1777,1419 1825,1419 1873,1418 1920,1418 1968,1416 2016,1416 2063,1416 2111,1415 2159,1415"
                         HEIGHT="37"
                         WIDTH="953"
                         VPOS="1395"
                         HPOS="1206">
                  <String ID="string_r2l29"
                          HEIGHT="37"
                          WIDTH="953"
                          VPOS="1395"
                          HPOS="1206"
                          CONTENT="chung, ſtatt einer kleinen Kirchengeſchichte eben nur kleine"/>
               </TextLine>
               <TextLine ID="r2l30"
                         BASELINE="1199,1466 1247,1466 1295,1466 1343,1466 1391,1466 1439,1466 1487,1464 1535,1464 1583,1464 1631,1464 1679,1464 1727,1464 1775,1464 1823,1463 1871,1463 1919,1463 1967,1463 2015,1461 2063,1461 2111,1460 2160,1458"
                         HEIGHT="38"
                         WIDTH="961"
                         VPOS="1438"
                         HPOS="1199">
                  <String ID="string_r2l30"
                          HEIGHT="38"
                          WIDTH="961"
                          VPOS="1438"
                          HPOS="1199"
                          CONTENT="Geſchichtchen aus der Kirchengeſchichte ohne inneren Zu⸗"/>
               </TextLine>
               <TextLine ID="r2l31"
                         BASELINE="1203,1512 1251,1512 1299,1512 1347,1512 1395,1511 1443,1511 1491,1511 1539,1511 1587,1511 1635,1511 1683,1511 1731,1509 1779,1509 1827,1509 1875,1508 1923,1508 1971,1506 2019,1506 2067,1505 2115,1503 2163,1502"
                         HEIGHT="41"
                         WIDTH="960"
                         VPOS="1481"
                         HPOS="1203">
                  <String ID="string_r2l31"
                          HEIGHT="41"
                          WIDTH="960"
                          VPOS="1481"
                          HPOS="1203"
                          CONTENT="ſammenhang zu bieten. Dieſem Fehler aber iſt unſer Büch⸗"/>
               </TextLine>
               <TextLine ID="r2l32"
                         BASELINE="1203,1556 1250,1556 1298,1556 1345,1556 1393,1556 1440,1556 1488,1556 1535,1554 1583,1554 1630,1554 1678,1554 1726,1554 1773,1553 1821,1553 1868,1553 1916,1551 1963,1551 2011,1550 2058,1550 2106,1548 2154,1548"
                         HEIGHT="38"
                         WIDTH="951"
                         VPOS="1528"
                         HPOS="1203">
                  <String ID="string_r2l32"
                          HEIGHT="38"
                          WIDTH="951"
                          VPOS="1528"
                          HPOS="1203"
                          CONTENT="lein ſo wenig verfallen, daß wir im Gegentheile einen ſeiner"/>
               </TextLine>
               <TextLine ID="r2l33"
                         BASELINE="1212,1596 1259,1596 1307,1596 1354,1596 1402,1596 1449,1596 1497,1596 1544,1596 1592,1596 1639,1596 1687,1596 1735,1596 1782,1596 1830,1595 1877,1595 1925,1595 1972,1595 2020,1595 2067,1593 2115,1593 2163,1593"
                         HEIGHT="33"
                         WIDTH="951"
                         VPOS="1573"
                         HPOS="1212">
                  <String ID="string_r2l33"
                          HEIGHT="33"
                          WIDTH="951"
                          VPOS="1573"
                          HPOS="1212"
                          CONTENT="Hauptmängel in dem allzu doctrinären Syſtem ſeiner"/>
               </TextLine>
               <TextLine ID="r2l34"
                         BASELINE="1197,1638 1244,1638 1292,1638 1340,1638 1388,1638 1436,1638 1484,1638 1531,1638 1579,1638 1627,1638 1675,1638 1723,1638 1771,1638 1819,1638 1866,1638 1914,1637 1962,1637 2010,1637 2058,1637 2106,1637 2154,1635"
                         HEIGHT="33"
                         WIDTH="957"
                         VPOS="1615"
                         HPOS="1197">
                  <String ID="string_r2l34"
                          HEIGHT="33"
                          WIDTH="957"
                          VPOS="1615"
                          HPOS="1197"
                          CONTENT="Anlage und Durchführung finden zu ſollen meinen. Ohne"/>
               </TextLine>
               <TextLine ID="r2l35"
                         BASELINE="1202,1682 1249,1682 1297,1680 1345,1680 1393,1680 1441,1680 1489,1680 1536,1680 1584,1680 1632,1680 1680,1680 1728,1680 1776,1680 1824,1680 1871,1680 1919,1680 1967,1680 2015,1680 2063,1680 2111,1679 2159,1679"
                         HEIGHT="34"
                         WIDTH="957"
                         VPOS="1658"
                         HPOS="1202">
                  <String ID="string_r2l35"
                          HEIGHT="34"
                          WIDTH="957"
                          VPOS="1658"
                          HPOS="1202"
                          CONTENT="uns hier auf die Gruppirung der gebotenen 59 Leſeſtücke"/>
               </TextLine>
               <TextLine ID="r2l36"
                         BASELINE="1209,1728 1256,1728 1304,1727 1352,1727 1399,1727 1447,1727 1495,1727 1542,1727 1590,1728 1638,1728 1686,1728 1733,1728 1781,1728 1829,1728 1876,1728 1924,1727 1972,1727 2019,1727 2067,1727 2115,1725 2163,1725"
                         HEIGHT="34"
                         WIDTH="954"
                         VPOS="1704"
                         HPOS="1209">
                  <String ID="string_r2l36"
                          HEIGHT="34"
                          WIDTH="954"
                          VPOS="1704"
                          HPOS="1209"
                          CONTENT="nach 7 Hauptabſchnitten und Geſchichtsperioden und die"/>
               </TextLine>
               <TextLine ID="r2l37"
                         BASELINE="1209,1776 1256,1776 1304,1775 1352,1775 1400,1775 1448,1775 1495,1775 1543,1775 1591,1775 1639,1775 1687,1775 1734,1775 1782,1775 1830,1775 1878,1775 1926,1775 1973,1773 2021,1773 2069,1773 2117,1773 2165,1772"
                         HEIGHT="35"
                         WIDTH="956"
                         VPOS="1751"
                         HPOS="1209">
                  <String ID="string_r2l37"
                          HEIGHT="35"
                          WIDTH="956"
                          VPOS="1751"
                          HPOS="1209"
                          CONTENT="Wahl derſelben des Näheren einzulaſſen, halten wir es"/>
               </TextLine>
               <TextLine ID="r2l38"
                         BASELINE="1215,1823 1262,1821 1309,1821 1356,1821 1403,1821 1451,1821 1498,1821 1545,1821 1592,1821 1639,1821 1687,1821 1734,1820 1781,1820 1828,1820 1875,1820 1923,1820 1970,1820 2017,1818 2064,1818 2111,1818 2159,1817"
                         HEIGHT="37"
                         WIDTH="944"
                         VPOS="1796"
                         HPOS="1215">
                  <String ID="string_r2l38"
                          HEIGHT="37"
                          WIDTH="944"
                          VPOS="1796"
                          HPOS="1215"
                          CONTENT="ür einen etwas unpraktiſchen Doctrinarismus, daß das"/>
               </TextLine>
               <TextLine ID="r2l39"
                         BASELINE="1209,1868 1256,1868 1304,1868 1352,1868 1400,1866 1448,1866 1496,1866 1543,1866 1591,1866 1639,1866 1687,1866 1735,1866 1783,1866 1831,1865 1878,1865 1926,1865 1974,1865 2022,1863 2070,1863 2118,1862 2166,1860"
                         HEIGHT="39"
                         WIDTH="957"
                         VPOS="1839"
                         HPOS="1209">
                  <String ID="string_r2l39"
                          HEIGHT="39"
                          WIDTH="957"
                          VPOS="1839"
                          HPOS="1209"
                          CONTENT="ohnehin nur 74 Seiten ſeinen Erzählungen widmende Büch⸗"/>
               </TextLine>
               <TextLine ID="r2l40"
                         BASELINE="1204,1915 1263,1913 1310,1913 1357,1913 1404,1913 1451,1912 1497,1911 1544,1911 1591,1911 1638,1911 1685,1911 1731,1911 1778,1911 1825,1910 1872,1910 1919,1910 1965,1910 2012,1908 2059,1908 2106,1907 2170,1909"
                         HEIGHT="36"
                         WIDTH="975"
                         VPOS="1887"
                         HPOS="1203">
                  <String ID="string_r2l40"
                          HEIGHT="36"
                          WIDTH="975"
                          VPOS="1887"
                          HPOS="1203"
                          CONTENT="lein auf den erſten 14 Seiten in 12 Nummern faſt nur"/>
               </TextLine>
               <TextLine ID="r2l41"
                         BASELINE="1209,1956 1256,1956 1303,1955 1350,1955 1397,1955 1445,1955 1492,1955 1539,1955 1586,1956 1633,1956 1681,1956 1728,1956 1775,1955 1822,1955 1869,1955 1917,1955 1964,1955 2011,1955 2058,1953 2105,1953 2166,1952"
                         HEIGHT="34"
                         WIDTH="961"
                         VPOS="1932"
                         HPOS="1209">
                  <String ID="string_r2l41"
                          HEIGHT="34"
                          WIDTH="961"
                          VPOS="1932"
                          HPOS="1209"
                          CONTENT="die bibliſche Geſchichte beider Teſtamente, wenn auch ſehr"/>
               </TextLine>
               <TextLine ID="r2l42"
                         BASELINE="1209,2001 1256,2001 1303,2001 1351,2001 1398,2001 1446,2001 1493,2000 1540,2000 1588,2000 1635,2000 1683,2000 1730,2000 1777,2000 1825,2000 1872,2000 1920,2000 1967,1998 2014,1998 2062,1997 2109,1997 2157,1995"
                         HEIGHT="37"
                         WIDTH="948"
                         VPOS="1974"
                         HPOS="1209">
                  <String ID="string_r2l42"
                          HEIGHT="37"
                          WIDTH="948"
                          VPOS="1974"
                          HPOS="1209"
                          CONTENT="reizend repetirt. Mit Wegfall dieſer erſten beiden Haupt⸗"/>
               </TextLine>
               <TextLine ID="line_1614846799251_680"
                         BASELINE="1205,2046 1234,2046 1263,2046 1293,2046 1322,2046 1352,2046 1379,2043 1418,2043 1458,2043 1497,2043 1537,2043 1577,2043 1616,2043 1656,2043 1696,2043 1735,2043 1775,2043 1815,2043 1854,2043 1894,2043 1934,2043 1973,2043 2013,2042 2053,2042 2092,2042 2132,2040 2172,2040"
                         HEIGHT="37"
                         WIDTH="967"
                         VPOS="2019"
                         HPOS="1205">
                  <String ID="string_line_1614846799251_680"
                          HEIGHT="37"
                          WIDTH="967"
                          VPOS="2019"
                          HPOS="1205"
                          CONTENT="abſchnitte — die Zeit der Vorbereitung und die Zeit der"/>
               </TextLine>
               <TextLine ID="r2l45"
                         BASELINE="1203,2091 1251,2090 1299,2090 1347,2088 1395,2088 1443,2087 1491,2087 1539,2087 1587,2087 1635,2087 1683,2087 1731,2087 1779,2087 1827,2087 1875,2087 1923,2087 1971,2087 2019,2087 2067,2086 2115,2085 2163,2085"
                         HEIGHT="36"
                         WIDTH="960"
                         VPOS="2065"
                         HPOS="1203">
                  <String ID="string_r2l45"
                          HEIGHT="36"
                          WIDTH="960"
                          VPOS="2065"
                          HPOS="1203"
                          CONTENT="Grundlegung — mit ihren den Kindern durch Katechismus"/>
               </TextLine>
               <TextLine ID="r2l46"
                         BASELINE="1209,2138 1256,2135 1303,2134 1351,2133 1398,2132 1445,2132 1493,2130 1540,2130 1587,2130 1635,2130 1682,2129 1729,2129 1777,2129 1824,2129 1871,2130 1919,2130 1966,2130 2013,2130 2061,2130 2108,2130 2156,2129"
                         HEIGHT="39"
                         WIDTH="947"
                         VPOS="2109"
                         HPOS="1209">
                  <String ID="string_r2l46"
                          HEIGHT="39"
                          WIDTH="947"
                          VPOS="2109"
                          HPOS="1209"
                          CONTENT="und bibliſche Geſchichte ſchon geläufigen Erzählungen wäre"/>
               </TextLine>
               <TextLine ID="r2l47"
                         BASELINE="1215,2181 1262,2180 1309,2179 1357,2178 1404,2177 1451,2177 1499,2177 1546,2175 1593,2175 1641,2175 1688,2174 1735,2174 1783,2174 1830,2174 1877,2172 1925,2172 1972,2172 2019,2172 2067,2172 2114,2172 2162,2171"
                         HEIGHT="41"
                         WIDTH="947"
                         VPOS="2150"
                         HPOS="1215">
                  <String ID="string_r2l47"
                          HEIGHT="41"
                          WIDTH="947"
                          VPOS="2150"
                          HPOS="1215"
                          CONTENT="für manches Andere viel Raum erſpart geblieben, was"/>
               </TextLine>
               <TextLine ID="r2l48"
                         BASELINE="1212,2226 1238,2225 1265,2225 1292,2225 1318,2223 1345,2223 1372,2223 1398,2222 1425,2222 1452,2222 1478,2220 1505,2220 1532,2220 1559,2219"
                         HEIGHT="38"
                         WIDTH="347"
                         VPOS="2198"
                         HPOS="1212">
                  <String ID="string_r2l48"
                          HEIGHT="38"
                          WIDTH="347"
                          VPOS="2198"
                          HPOS="1212"
                          CONTENT="wir ungern vermiſſen."/>
               </TextLine>
               <TextLine ID="r2l49"
                         BASELINE="1323,2268 1364,2268 1406,2267 1448,2267 1490,2265 1532,2265 1573,2265 1615,2264 1657,2264 1699,2262 1741,2262 1782,2262 1824,2261 1866,2261 1908,2261 1950,2259 1991,2259 2033,2259 2075,2259 2117,2259 2159,2258"
                         HEIGHT="40"
                         WIDTH="836"
                         VPOS="2238"
                         HPOS="1323">
                  <String ID="string_r2l49"
                          HEIGHT="40"
                          WIDTH="836"
                          VPOS="2238"
                          HPOS="1323"
                          CONTENT="Aber auch manche die Kinder geradezu verwirrende"/>
               </TextLine>
               <TextLine ID="r2l50"
                         BASELINE="1215,2316 1262,2315 1309,2315 1356,2315 1404,2313 1451,2312 1498,2312 1545,2310 1593,2309 1640,2307 1687,2307 1734,2306 1782,2304 1829,2304 1876,2303 1923,2303 1971,2302 2018,2301 2065,2301 2112,2303 2160,2303"
                         HEIGHT="45"
                         WIDTH="945"
                         VPOS="2281"
                         HPOS="1215">
                  <String ID="string_r2l50"
                          HEIGHT="45"
                          WIDTH="945"
                          VPOS="2281"
                          HPOS="1215"
                          CONTENT="Wiederholungen (S. 12, 13 mit 19; 28 mit 30) ver⸗"/>
               </TextLine>
               <TextLine ID="r2l51"
                         BASELINE="1210,2366 1270,2363 1317,2361 1364,2360 1411,2357 1458,2355 1504,2354 1551,2352 1598,2351 1645,2351 1692,2349 1738,2349 1785,2348 1832,2348 1879,2346 1926,2346 1972,2346 2019,2347 2066,2348 2113,2348 2160,2349"
                         HEIGHT="49"
                         WIDTH="953"
                         VPOS="2325"
                         HPOS="1207">
                  <String ID="string_r2l51"
                          HEIGHT="49"
                          WIDTH="953"
                          VPOS="2325"
                          HPOS="1207"
                          CONTENT="ſchuldet ebenſo das Syſtem der Anlage des Büchleins"/>
               </TextLine>
               <TextLine ID="r2l52"
                         BASELINE="1215,2408 1262,2406 1309,2405 1357,2404 1404,2403 1452,2401 1499,2400 1546,2399 1594,2397 1641,2396 1689,2396 1736,2394 1783,2394 1831,2393 1878,2393 1926,2393 1973,2393 2020,2393 2068,2393 2115,2393 2163,2394"
                         HEIGHT="46"
                         WIDTH="948"
                         VPOS="2372"
                         HPOS="1215">
                  <String ID="string_r2l52"
                          HEIGHT="46"
                          WIDTH="948"
                          VPOS="2372"
                          HPOS="1215"
                          CONTENT="Einerſeits nämlich iſt es der durchgehende Gedanke der"/>
               </TextLine>
               <TextLine ID="r2l53"
                         BASELINE="1218,2454 1265,2453 1312,2451 1359,2450 1406,2448 1453,2446 1500,2445 1547,2444 1594,2442 1641,2441 1689,2439 1736,2438 1783,2438 1830,2438 1877,2436 1924,2436 1971,2436 2018,2437 2065,2438 2112,2439 2160,2441"
                         HEIGHT="49"
                         WIDTH="942"
                         VPOS="2415"
                         HPOS="1218">
                  <String ID="string_r2l53"
                          HEIGHT="49"
                          WIDTH="942"
                          VPOS="2415"
                          HPOS="1218"
                          CONTENT="Trennung der ſogenannten äußeren von der inneren Kir⸗"/>
               </TextLine>
               <TextLine ID="r2l54"
                         BASELINE="1209,2498 1268,2498 1315,2496 1362,2495 1410,2493 1457,2492 1504,2490 1551,2489 1599,2487 1646,2486 1693,2484 1740,2483 1788,2483 1835,2482 1882,2481 1929,2481 1977,2481 2024,2483 2071,2484 2118,2486 2166,2487"
                         HEIGHT="49"
                         WIDTH="961"
                         VPOS="2460"
                         HPOS="1205">
                  <String ID="string_r2l54"
                          HEIGHT="49"
                          WIDTH="961"
                          VPOS="2460"
                          HPOS="1205"
                          CONTENT="chengeſchichte, andererſeits ein gewiſſer für Kinder gewiß"/>
               </TextLine>
               <TextLine ID="r2l55"
                         BASELINE="1206,2544 1253,2543 1300,2541 1348,2540 1395,2538 1443,2536 1490,2534 1537,2533 1585,2531 1632,2531 1680,2529 1727,2528 1774,2528 1822,2526 1869,2526 1917,2527 1964,2528 2011,2529 2059,2530 2106,2532 2174,2535"
                         HEIGHT="49"
                         WIDTH="976"
                         VPOS="2505"
                         HPOS="1206">
                  <String ID="string_r2l55"
                          HEIGHT="49"
                          WIDTH="976"
                          VPOS="2505"
                          HPOS="1206"
                          CONTENT="unnöthiger ängſtlicher Pedantismus in der Chronologie,"/>
               </TextLine>
               <TextLine ID="r2l56"
                         BASELINE="1218,2589 1265,2588 1312,2585 1359,2583 1406,2582 1453,2580 1500,2579 1547,2577 1594,2576 1641,2575 1689,2574 1736,2573 1783,2573 1830,2573 1877,2573 1924,2573 1971,2574 2018,2574 2065,2576 2112,2577 2176,2578"
                         HEIGHT="47"
                         WIDTH="960"
                         VPOS="2552"
                         HPOS="1218">
                  <String ID="string_r2l56"
                          HEIGHT="47"
                          WIDTH="960"
                          VPOS="2552"
                          HPOS="1218"
                          CONTENT="welche dem Verfaſſer mannigfache Schwierigkeiten und dem"/>
               </TextLine>
               <TextLine ID="r2l57"
                         BASELINE="1218,2634 1265,2633 1312,2631 1359,2629 1406,2628 1453,2626 1500,2624 1547,2622 1594,2622 1641,2621 1689,2619 1736,2619 1783,2618 1830,2618 1877,2618 1924,2618 1971,2618 2018,2619 2065,2621 2133,2621 2181,2624"
                         HEIGHT="47"
                         WIDTH="972"
                         VPOS="2597"
                         HPOS="1218">
                  <String ID="string_r2l57"
                          HEIGHT="47"
                          WIDTH="972"
                          VPOS="2597"
                          HPOS="1218"
                          CONTENT="Werkchen fühlbare Mängel bereiteten. Unter beiden Män⸗"/>
               </TextLine>
               <TextLine ID="line_1614846793398_676"
                         BASELINE="1220,2678 1250,2678 1281,2677 1311,2676 1342,2676 1373,2675 1403,2673 1434,2672 1465,2670 1495,2669 1526,2668 1557,2667 1587,2666 1618,2664 1649,2664 1679,2663 1710,2663 1741,2663 1771,2663 1802,2664 1833,2664 1863,2661 1893,2661 1923,2664 1948,2664 1973,2666 1998,2666 2023,2666 2049,2667 2074,2667 2099,2667 2124,2666 2149,2665 2175,2664"
                         HEIGHT="48"
                         WIDTH="955"
                         VPOS="2640"
                         HPOS="1220">
                  <String ID="string_line_1614846793398_676"
                          HEIGHT="48"
                          WIDTH="955"
                          VPOS="2640"
                          HPOS="1220"
                          CONTENT="geln leidet ganz beſonders der dritte — in Zukunft hof⸗"/>
               </TextLine>
               <TextLine ID="r2l61"
                         BASELINE="1216,2729 1262,2727 1309,2723 1356,2721 1403,2718 1450,2717 1496,2715 1543,2714 1590,2714 1637,2712 1684,2712 1730,2712 1777,2712 1824,2712 1871,2712 1918,2712 1964,2713 2011,2714 2058,2714 2105,2715 2152,2715"
                         HEIGHT="46"
                         WIDTH="951"
                         VPOS="2688"
                         HPOS="1215">
                  <String ID="string_r2l61"
                          HEIGHT="46"
                          WIDTH="951"
                          VPOS="2688"
                          HPOS="1215"
                          CONTENT="fentlich erſte — Hauptabſchnitt, ‚die Zeit der Verfolgung"/>
               </TextLine>
               <TextLine ID="r2l62"
                         BASELINE="1218,2771 1265,2768 1313,2766 1361,2763 1409,2762 1457,2760 1505,2759 1552,2757 1600,2756 1648,2754 1696,2754 1744,2753 1792,2753 1840,2753 1887,2753 1935,2753 1983,2754 2031,2754 2079,2756 2127,2757 2175,2759"
                         HEIGHT="49"
                         WIDTH="957"
                         VPOS="2732"
                         HPOS="1218">
                  <String ID="string_r2l62"
                          HEIGHT="49"
                          WIDTH="957"
                          VPOS="2732"
                          HPOS="1218"
                          CONTENT="der Kirche im römiſchen Reiche’ Nr. 14—23 S. 16—29."/>
               </TextLine>
               <TextLine ID="r2l63"
                         BASELINE="1224,2817 1271,2813 1318,2810 1365,2808 1412,2805 1459,2804 1506,2802 1553,2801 1600,2801 1647,2799 1695,2799 1742,2799 1789,2799 1836,2799 1883,2799 1930,2801 1977,2801 2024,2802 2071,2802 2118,2804 2179,2806"
                         HEIGHT="49"
                         WIDTH="962"
                         VPOS="2778"
                         HPOS="1224">
                  <String ID="string_r2l63"
                          HEIGHT="49"
                          WIDTH="962"
                          VPOS="2778"
                          HPOS="1224"
                          CONTENT="Statt hier in acht aufeinanderfolgenden Nummern die acht"/>
               </TextLine>
               <TextLine ID="r2l64"
                         BASELINE="1224,2862 1271,2858 1319,2855 1367,2852 1415,2850 1463,2847 1511,2847 1558,2846 1606,2846 1654,2844 1702,2844 1750,2846 1798,2846 1846,2846 1893,2847 1941,2847 1989,2847 2037,2847 2085,2847 2133,2847 2181,2847"
                         HEIGHT="49"
                         WIDTH="957"
                         VPOS="2823"
                         HPOS="1224">
                  <String ID="string_r2l64"
                          HEIGHT="49"
                          WIDTH="957"
                          VPOS="2823"
                          HPOS="1224"
                          CONTENT="hauptſächlichſten Chriſtenverfolgungen aneinandergereiht"/>
               </TextLine>
               <TextLine ID="r2l65"
                         BASELINE="1221,2909 1268,2904 1316,2900 1363,2897 1411,2895 1458,2893 1506,2892 1553,2891 1601,2891 1648,2890 1696,2891 1744,2891 1791,2891 1839,2891 1886,2891 1934,2892 1981,2892 2029,2892 2076,2892 2124,2892 2172,2891"
                         HEIGHT="49"
                         WIDTH="951"
                         VPOS="2870"
                         HPOS="1221">
                  <String ID="string_r2l65"
                          HEIGHT="49"
                          WIDTH="951"
                          VPOS="2870"
                          HPOS="1221"
                          CONTENT="zu finden, was trotz der ſchönen Darſtellung mit eingefloch⸗"/>
               </TextLine>
               <TextLine ID="r2l66"
                         BASELINE="1221,2951 1268,2946 1316,2944 1364,2942 1412,2939 1460,2937 1508,2937 1555,2936 1603,2936 1651,2936 1699,2936 1747,2936 1795,2936 1843,2937 1890,2937 1938,2937 1986,2937 2034,2937 2082,2937 2130,2937 2178,2936"
                         HEIGHT="45"
                         WIDTH="957"
                         VPOS="2916"
                         HPOS="1221">
                  <String ID="string_r2l66"
                          HEIGHT="45"
                          WIDTH="957"
                          VPOS="2916"
                          HPOS="1221"
                          CONTENT="tenen Martyreracten den Eindruck der Einförmigkeit machen"/>
               </TextLine>
               <TextLine ID="r2l67"
                         BASELINE="1224,2997 1271,2993 1319,2990 1367,2987 1414,2985 1462,2982 1510,2982 1557,2981 1605,2981 1653,2981 1701,2981 1748,2981 1796,2982 1844,2982 1891,2982 1939,2984 1987,2984 2034,2983 2082,2982 2130,2982 2178,2981"
                         HEIGHT="46"
                         WIDTH="954"
                         VPOS="2961"
                         HPOS="1224">
                  <String ID="string_r2l67"
                          HEIGHT="46"
                          WIDTH="954"
                          VPOS="2961"
                          HPOS="1224"
                          CONTENT="mußte, hätte ſich an einigen vom Volke beſonders verehr⸗"/>
               </TextLine>
               <TextLine ID="r2l68"
                         BASELINE="1218,3042 1266,3038 1314,3033 1362,3030 1410,3029 1458,3027 1506,3026 1554,3026 1602,3026 1650,3026 1698,3026 1746,3026 1794,3027 1842,3027 1890,3027 1938,3027 1986,3027 2034,3027 2082,3026 2130,3024 2178,3023"
                         HEIGHT="49"
                         WIDTH="960"
                         VPOS="3003"
                         HPOS="1218">
                  <String ID="string_r2l68"
                          HEIGHT="49"
                          WIDTH="960"
                          VPOS="3003"
                          HPOS="1218"
                          CONTENT="ten Heiligen oder ſonſtigen hervorragenden Männern (Ori⸗"/>
               </TextLine>
               <TextLine ID="r2l69"
                         BASELINE="1221,3087 1269,3083 1317,3080 1365,3077 1413,3075 1461,3074 1509,3072 1557,3072 1605,3072 1653,3072 1701,3072 1749,3072 1797,3072 1845,3074 1893,3074 1941,3074 1989,3072 2037,3072 2085,3071 2133,3069 2181,3068"
                         HEIGHT="50"
                         WIDTH="960"
                         VPOS="3047"
                         HPOS="1221">
                  <String ID="string_r2l69"
                          HEIGHT="50"
                          WIDTH="960"
                          VPOS="3047"
                          HPOS="1221"
                          CONTENT="genes, Tertullian) als ebenſovielen Charakterköpfen aus"/>
               </TextLine>
               <TextLine ID="r2l70"
                         BASELINE="1218,3132 1265,3128 1313,3125 1360,3123 1408,3122 1455,3120 1503,3119 1550,3119 1598,3119 1645,3119 1693,3119 1741,3120 1788,3120 1836,3120 1883,3120 1931,3120 1978,3119 2026,3119 2073,3117 2121,3114 2179,3114"
                         HEIGHT="51"
                         WIDTH="966"
                         VPOS="3091"
                         HPOS="1218">
                  <String ID="string_r2l70"
                          HEIGHT="51"
                          WIDTH="966"
                          VPOS="3091"
                          HPOS="1218"
                          CONTENT="allen Ländern und Ständen ein lebendiges Geſammtbild"/>
               </TextLine>
            </TextBlock>
         </PrintSpace>
      </Page>
   </Layout>
</alto>
