2387 3353
280 133 1816 237 Literariſsche Rundſchau.

240 441 258 36 Erſcheint 8mal p. Semeſter.

191 477 427 34 Der Abonnementspreis beträgt halb⸗

311 516 195 33 jährlich 3 Mark.

929 431 486 38 Redigirt von Joſeph Köhler.

852 485 633 38 Verlag von Rudolf Barth in Aachen.

1002 545 348 40 Erſter Jahrgang.

1743 436 417 38 Inſerate werden mit 30 Pfennigen

1742 472 411 36 für die 2ſpaltige Petitzeile oder deren

1857 510 183 36 Raum berechnet.

191 630 1972 48 Nr. 8. Ausgegeben am 10. Auguſt. 1875.

195 705 1962 42 Inhalt: Ueberſichten und Charakteriſtiken. Die Literatur der chriſtlichen Baukunſt. — Recenſionen und Referate. Zſchokke, das

306 738 1856 42 Buch Job. v. Hertling, Grenzen der mechaniſchen Naturerklärung. Altum, Forſtzoologie. Arneth, Marie⸗Antoinette. Geffcken,

300 773 1848 43 Staat und Kirche. Newman, letter addresed to de duke of Norfolk. — Nachrichten. — Redactions⸗Mittheilungen. —

300 816 377 37 Büchertiſch. — Inſerate.

750 902 872 74 Ueberſichten und Charakteriſtiken.

297 1028 734 37 Die Literatur der chriſtlichen Baukunſt.

299 1089 851 36 Die erſten Anfänge unſerer heute nicht unbedeuten⸗

189 1136 957 35 den Literatur über chriſtliche Kunſt, insbeſondere kirch⸗

195 1181 951 35 liche Baukunſt, führen uns zurück auf ein herrliches Bild

201 1226 939 35 gediegenen Schaffens und unermüdlichen Sammelns zweier

197 1271 945 35 Brüder, die ermuntert und gehoben von einer kleinen An⸗

203 1316 940 35 zahl gleichgeſinnter Freunde, bewundernswürdige Werke

200 1361 949 35 zu Stande brachten, deren ſchönſte Frucht, in den Fluten

194 1404 945 37 des Rheines ſich ſpiegelnd, den kommenden Jahrhunderten

197 1449 945 37 bezeugen wird, was deutſcher Kunſtfleiß vermag, wenn

194 1497 945 33 ein Mal die Flamme der Begeiſterung im Herzen des

200 1539 940 31 Volkes angefacht iſt. Der Beginn unſeres Jahrhunderts

203 1581 940 31 fand die beiden heranwachſenden Jünglinge, Sulpiz und

198 1620 942 33 Melchior Boiſſerée meiſt auf längeren Reiſen in Frank⸗

204 1660 942 35 reich, Belgien und am Rhein eifrig mit dem Studium

195 1704 950 37 mittelalterlicher Kunſt beſchäftigt. Angeregt durch die Be⸗

200 1751 937 37 trachtung ſo vieler prachtvoller Monumente, die damals

209 1796 934 37 noch in weit größerer Zahl vorhanden waren, als heute,

207 1839 933 39 unterzog ſich Sulpiz, der ältere der beiden Brüder, ſeit

210 1883 939 40 1808 einer höchſt ſchwierigen Aufgabe. Mit ſtaunener⸗

207 1928 933 43 regendem Fleiß begann er eine äußerſt gewiſſenhafte Auf⸗

204 1973 936 44 nahme des Kölner Domes in jenen Tagen, in welchen unſere

203 2018 936 41 Nation den tiefſten Demüthigungen entgegen ging; eine

201 2064 939 42 Arbeit, die berufen war, zu zeigen, welcher Kraftentfaltung

204 2108 945 43 der Freiheitsſinn deutſcher Bürger ſich fähig hielt, als das

210 2153 927 46 h. römiſche Reich deutſcher Nation noch mächtig blühte.

201 2199 954 43 Sulpiz erforſchte an den zur Ausführung gelangten Theilen

210 2244 939 45 des Domes des Zirkels Maß und Gerechtigkeit, aber gleich⸗

201 2288 942 47 zeitig geſtaltete ſich vor ſeiner Seele aus dem ruinenhaften

204 2333 948 46 Zuſtand des Monumentes heraus das Bild der Vollen⸗

207 2379 942 43 dung ſeiner vaterſtädtiſchen Cathedrale, ein Bild, das an

216 2423 936 46 Beſtimmtheit und Klarheit mehr und mehr gewann, bis es

201 2469 954 45 endlich den Grad der Vollkommenheit erlangt, der dasſelbe

204 2513 942 43 auch dem beſcheidenen Sinn des Boiſſerée würdig erſchei⸗

201 2558 945 44 nen ließ, vor den Augen der ganzen Nation entfaltet zu

207 2603 942 44 werden. Sechszehn Jahre angeſtrengter Arbeit waren er⸗

225 2648 921 46 forderlich, um die erſten Lieferungen des in ſeiner Art ein⸗

212 2693 934 46 zigen Werkes veröffentlichen, zu können, und weitere ſieben

207 2736 948 46 Jahre förderten das Unternehmen *) zum Schluß; dafür

210 2781 933 45 hatte aber Sulpiz die Freude erlebt, daß man beim Er⸗

222 2826 936 46 ſcheinen der erſten Hefte im Jahre 1824 die Arbeiten in

213 2871 933 46 Angriff nahm, welche erforderlich waren, um das, was der

206 2915 949 49 Zahn der Zeit am äußern Chor zerſtört hatte, wiederher⸗

209 2963 940 46 zuſtellen. Wenn man bedenkt, daß jene Zeit nicht im

321 3046 828 48 *) Boiſſerée, Sulp., Anſichten, Riſſe und einzelne Theile

200 3084 949 46 des Doms zu Köln mit Ergänzungen uach den Entwurfe des

206 3129 544 39 Meiſters. 4 Lfgn. Stuttg. 1824—31.

1233 1017 929 37 Stande war, die nöthigſten Hülfsmittel zur Ausſtattung

1217 1064 942 34 eines ſo großartig angelegten Werkes zu bieten, daß

1215 1109 956 34 Boiſſerée nirgendwo gebildete und tüchtig geſchulte Künſt⸗

1220 1155 951 33 ler zur Ausführung der Platten zu finden vermochte, wenn

1215 1200 954 33 man erwägt, daß die Zeitgenoſſen faſt gar keinen Sinn

1238 1245 922 33 ür das Beſtreben Boiſſerée’s hatten, dann darf man füg⸗

1220 1290 951 33 lich ſtaunen über den Schaffensmuth jenes Mannes. Aber

1232 1335 942 34 wo finden wir auch ein Werk der Kunſtliteratur, das ſo

1223 1380 949 34 unmittelbar und ſo reichlich von Erfolg gekrönt worden,

1217 1427 949 32 daß derſelbe wohl die kühnſten Hoffnungen hinter ſich ließ?

1331 1470 838 34 Etwas Aehnliches läßt ſich wenigſtens von keinem der

1220 1515 960 31 damals erſcheinenden Werke und gelegentlichen Arbeiten

1220 1558 955 32 in Zeitſchriften ſagen. Seit 1810 begann die Forſchung

1223 1597 946 35 auf dem Gebiet der chriſtlichen Kunſt rege zu werden.

1214 1636 961 36 Bis zum Beginn der vierziger Jahre waren neben Anderen

1220 1682 954 37 Auguſti, Hirt, Seroux d’Agincourt, Platner und Bunſen

1220 1730 948 35 productiv, jedoch fehlte den Meiſten dieſer Schriftſteller das

1232 1773 945 39 praktiſche Verſtändniß der Gegenſtände, welche ſie zu er⸗

1226 1820 277 34 forſchen trachteten.

1328 1863 843 37 Einen intereſſanten Beweis für das Geſagte liefert

1232 1908 936 37 die erſt in den letzten Jahren zum Austrag gebrachte Con⸗

1217 1952 949 38 troverſe über die Geſtalt der chriſtlichen Baſilica und deren

1226 1997 951 37 Verhältniß zu den heidniſchen. In übelangebrachter Deu⸗

1229 2043 939 34 tung vieler mühſam zuſammengetragener Citate aus chriſt⸗

1232 2085 939 36 lichen und nicht chriſtlichen Autoren conſtruirte man heid⸗

1229 2130 936 34 niſche Baſiliken nach Belieben, und leitete von ſolchen

1226 2175 945 34 Phantaſiegebilden die chriſtlichen ab, bis Zeſtermann,

1224 2220 942 31 Kreuſer, Mothes und Andere dieſem Unweſen mühſam ein

1230 2264 239 35 Ende bereiteten.

1331 2307 847 34 Ein Glück war es, daß ſich auch damals Männer

1235 2350 936 38 fanden, die nicht ausſchließlich bei der Studirlampe ſitzend

1223 2394 955 37 die Kunſtgeſchichte cultivirten. Seroux d’Agincourt (Hi-

1226 2439 951 39 stoire de l’art par les monuments. Paris. 1823), Bunſen

1241 2484 930 39 (die Baſiliken des chriſtlichen Rom. 1842), v. Quaſt (die

1227 2531 945 35 Baſiliken Ravenna’s) gingen praktiſch zu Werk und förder⸗

1226 2574 948 39 ten das Verſtändniß chriſtlicher Baukunſt durch eigene An⸗

1242 2619 927 39 ſchauung und Aufnahme der bedeutendſten Denkmäler alt⸗

1232 2665 942 39 chriſtlicher Kunſt. Inzwiſchen nahten die dreißiger Jahre

1239 2709 939 39 ſich ihrem Ende, ohne daß die kunſtgeſchichtlichen Leiſtun⸗

1232 2753 948 40 gen ſich über eine außergewöhnliche Aufgabe verbreitet

1238 2798 939 41 hätten. Zunftgemäße Archäologen hatten faſt ausſchließlich

1235 2843 936 38 das engbegrenzte Gebiet beſetzt; man hatte über die alt⸗

1232 2888 945 41 chriſtlichen Kunſtſchöpfungen recht viel geſchrieben, aber auch

1230 2933 951 40 nicht wenig phantaſirt; vom Mittelalter war kaum die

1235 2977 942 41 Rede geweſen. Da trat im Sachſenlande ein enger Kreis

1236 3022 945 39 von Dilettanten zuſammen; das Band, das dieſe Gleich⸗

1227 3067 956 42 geſinnten mit einander verknüpfte, war der Gedanke, daß

1233 3114 942 37 die Kunſt gleich der Sprache ihre provincialen Eigenthüm⸗
