2341 3385
243 167 1849 248 Literariſche Rundſchau.

179 445 399 36 Erscheint am 15. eines jeden Mo⸗

170 481 420 42 nats. Der Abonnementspreis beträgt

269 517 232 38 3 Mark p. Semeſter.

894 435 513 75 Redigirt von Joſeph Köhler.

819 498 675 69 Verlag von Rudolf Barth in Aachen.

984 558 363 66 Erſter Jahrgang.

1742 472 399 39 Inſerate werden mit 30 Pfennigen,

1719 508 423 39 für die 2ſpaltige Petitzeile oder deren

1835 546 192 37 Raum berechnet.

156 627 165 72 No. 1.

891 674 509 44 Ausgegeben am 16. Januar.

2018 692 123 31 1875.

276 742 1872 59 Inhalt: Ueberſichten und allg. Charakteriſtiken. Uhland und die Uhland⸗Literatur. — Darwin u. Häckel über die Abſtammung des

164 775 1983 63 Menſchen. — Recenſionen und Referate: Peigné-Delacourt, Monasticon Gallicanum. Maurenbrecher, Studien und Skizzen

162 811 1982 66 zur Geſch. der Reformation. Alex. v. Hübner, Spaziergang um die Welt. — Kritiſche Stimmen aus anderen Zeitſchriften. — Nachrichten.

198 849 600 39 — Büchertiſch. — Redactions⸗Crreſpondenz.

562 921 1157 90 Ueberſichten und allgemeine Charakteriſtiken.

309 1013 648 74 Uhland und die Uhland⸗Literatur.

281 1096 831 45 ‚Die Sage erzählt, wie da, wo Götter und göttlich

158 1140 958 43 heilige Menſchen gewandelt ſind, eine blumenumſäumte

164 1185 945 46 Spur hinter ihnen bleibt, und wo ſie in einem großen

158 1229 951 46 Augenblick geſtanden, ihre Fußſtapfen für alle Zeiten in

155 1275 960 46 den Boden gedrückt ſind. Nicht anders Uhland. Noch

158 1320 957 43 immer trägt unſer deutſcher Liederſang das Gepräge, das

149 1362 952 46 vor einem halben Jahrhundert er ihm gegeben, und auch

152 1409 963 44 in Zukunft wird nur eine neue Barbarei es auslöſchen

155 1454 957 44 können; nimmer verwächſt der Weg, auf welchem er aus

149 1499 957 44 dem ſchwülen Dickicht der Romantik herüber geſchritten iſt

153 1547 836 41 zu der hellen friſchluftigen Aue der Volksmäßigkeit.‘

260 1591 840 42 So hat Wilhelm Wackernagel vor zehn Jahren ge⸗

144 1632 957 42 [prochen; und wenn wir nunmehr auch reichbegabte Dichter

150 1675 953 36 andere Wege einſchlagen ſehen, — wohl kaum zum dauern⸗

152 1721 946 38 den Heil der Dichtung — Gottlob! der Pfad, den Uhland

147 1767 957 40 gezeigt hat, iſt noch nicht verwachſen. Noch immer gehört

137 1810 967 42 er, wie die fortdauernden neuen Auflagen ſeiner Gedichte,

144 1856 962 41 wie namentlich eine gewiß zeitgemäße, von der Cotta’ſchen

140 1901 961 38 Buchhandlung veranſtaltete und mit Zeichnungen von

146 1946 951 41 Camphauſen, Cloß, Makart, Schrödter u. A. gezierte

155 1992 940 42 Prachtausgabe beweiſt, als Dichter voll und gleichmäßig

152 2034 939 42 dem ganzen deutſchen Volke, auch den Frauen und der Ju⸗

147 2078 951 41 gend an. Er verdient es, weil er, nur ſehr wenige Stellen

149 2123 942 41 ausgenommen, mit keinem Hauch, mit keinem Verſe die

150 2166 945 42 zarteſte Sitte oder die feinfühligſten Mitglieder einer an⸗

143 2211 954 43 deren Confeſſion verletzt. Und wenn er aus einer unge⸗

143 2258 943 43 heuren, faſt überwältigenden Fülle theils handſchriftlicher,

143 2301 958 43 theils gedruckter Quellen in einem ihn nie täuſchenden Sinn

161 2346 942 42 für alles Volksmäßige mit ſicherer Hand die Auswahl ſeiner

143 2391 949 45 Volkslieder (Stuttg. 1844. 45.) traf, ſo hat ihn auch auf

146 2436 948 43 dieſem keineswegs ſo ganz reinen Gebiete ſein hoher ſitt⸗

143 2481 945 45 licher Sinn durchweg geleitet. Als Forſcher und Gelehrter

143 2526 954 45 gehört er freilich mehr nur den Mitforſchenden an; aber

137 2571 951 45 wenn er auch ſelbst in der rührenden Beſcheidenheit und

146 2617 939 45 der Strenge gegen ſich ſelbst, die den wackern Mann immer

144 2660 944 47 zierte, ſeine literariſchen Forſchungen als theilweiſe veraltet

143 2706 951 46 und bereits überboten darſtellte, ſo werden doch auch auf

143 2750 957 49 dieſem Gebiete ſeine Spuren ſo bald nicht verweht ſein,

137 2795 954 47 beſonders ſeitdem ſeine mit der äußerſten Gewiſſenhaftigkeit

143 2841 951 48 vorbereiteten und mit der größten Reinlichkeit ausgeführten

137 2886 961 48 Arbeiten dieſer Art, durch befreundete Forſcher geſammelt,

137 2931 960 49 unter dem Titel ‚Uhland’s Schriften zur Geſchichte der

144 2976 935 48 Dichtung und Sage‘ (Stuttg. 1865 ff. 8 Bde. 83 Mark.)

137 3023 954 47 erſchienen ſind. *) In die Werkstatt des Denkers und For⸗

242 3106 852 48 (*) Die Sammlung enthält auch seine an der Univerſität

144 3147 941 46 Tübingen gehaltenen Vorleſungen über deutſche Literaturgeſchichte.

1188 1049 948 46 ſchers verſchafft uns der von F. Pfeiffer herausgegebene

1184 1094 957 46 Briefwechſel zwiſchen Uhland und dem alten

1184 1137 952 48 Freiherrn von Laßberg zu Eppishauſen und auf

1184 1182 945 46 der Meersburg (Wien 1870) einen willkommenen Einblick.

1190 1227 942 48 Als Mann des politiſchen Kampfes und der freiheitlichen

1188 1272 938 49 Geſinnung endlich gehört Uhland zuvörderſt denen an, auf

1185 1316 947 47 deren Seite er ſtand und focht. Wenn nicht ein Jeder ſein

1182 1361 954 49 in der Paulskirche geſprochenes Wort: ‚Glauben Sie, es

1172 1408 957 45 wird kein Haupt über Deutſchland leuchten, das nicht mit

1172 1450 952 50 einem vollen Tropfen demokratiſchen Oels geſalbt iſt‘,

1182 1496 953 47 unterſchreiben und ſeine Theilnahme am Rumpfparlament

1179 1544 947 44 zu Stuttgart billigen mag, wenn auch Manchem, gerade

1169 1588 954 45 wie zur Zeit dem alten Alexander von Humboldt, die Zu⸗

1179 1629 948 48 rückweiſung des preußiſchen Ordens für Wiſſenſchaft und

1172 1668 954 51 Kunſt als ein ſtark übertriebener Zug einer, man möchte

1178 1713 948 51 ſagen, demokratiſchen Grille erſcheinen mag: das hat Nie⸗

1179 1760 944 50 mand gewagt und wird auch wohl Niemand wagen, die

1170 1805 953 49 Ehrenhaftigkeit des Mannes auch auf dieſem Gebiete irgend⸗

1169 1851 288 34 wie zu bemängeln.

1277 1898 855 47 Daß ſchon zu Lebzeiten des Dichters in einer Anzahl

1164 1940 950 47 kleinerer und größerer Schriften eine Darſtellung der dich⸗

1166 1985 955 49 teriſchen Bedeutung Uhland’s verſucht wurde, iſt bekannt;

1169 2028 957 49 berüchtigt und mit Recht von allen Wohldenkenden ver⸗

1169 2074 951 48 ſchmäht ſind die Produkte H. Heine’s: ‚Die romantiſche

1172 2118 942 48 Schule und der Schwabenſpiegel‘. Weniger war das per⸗

1175 2162 951 47 ſönliche Leben des Mannes bekannt, der nur ungern und

1166 2207 957 46 halb gezwungen von ſeinen Arbeiten ſprach, die Oeffent⸗

1169 2250 945 46 lichkeit gern vermied und nur wenigen ausgewählten Freun⸗

1160 2295 951 43 den einen Blick in ſein Inneres vergönnte. Ein hochbe⸗

1164 2340 957 45 rühmter Literarhiſtoriker erzählte, Uhland habe, als bei

1158 2384 962 49 einem Ständchen auch das Lied: ‚Es zogen drei Burſche

1164 2429 953 50 wohl über den Rhein‘ ihm zu Ehren geſungen wurde, ge⸗

1164 2474 956 49 beten, man möge mit dieſem Liede abbrechen, da ſein eigenes

1166 2519 954 47 ſchmerzliches Loos darin beſungen ſei; auch er habe das

1164 2565 956 46 Ziel ſeiner Liebe auf der Todtenbahre geſehen und von da

1158 2609 962 47 ab jeder Liebe entſagt. Und doch lebte Uhland ſeit ſeinem

1166 2654 927 46 drei und dreißigſten Lebensjahre in der glücklichſten Ehe.

1271 2700 850 45 Von den Gedächtnißreden und Gedenkblättern, die

1160 2743 951 42 nach des Dichters Tode im deutſchen Süden wie im Nor⸗

1166 2787 942 46 den von hoher Liebe und Begeiſterung Kunde geben, will

1163 2834 942 41 ich zunächſt erwähnen die von W. Wackernagel (Ge⸗

1160 2879 951 41 ſammelte Schriften. Bd. 2, S. 482), aus der ich meinen

1169 2922 943 45 Vorſpruch für dieſe Darſtellung glaubte nehmen zu dürfen;

1157 2969 963 43 dann den Vortrag von Otto Jahn, gehalten zu Bonn

1154 3045 952 40 Mit Recht iſt irgendwo bemerkt worden, daß ſchwerlich zur Zeit,

1157 3081 946 40 als das Manuſcript verfaßt wurde, Deutſchland eine Darſtellung

1160 3117 957 37 ſeiner Literatur beſaß, die ſich der Uhland’ſchen zur Seite ſtellen

1158 3156 87 33 durfte.

1793 3159 223 31 Anm. der Red.
