2364 3351
1166 56 81 153 198

240 243 613 33 S. 142: Hochſommer iſt’s, die Melodien

377 279 534 31 Der Nachtigall ſind nun verklungen,

387 315 527 31 Sie muß zum Neſt im Flieder hin,

387 348 554 34 Da ſperrn die Schnäbel ihre Jungen.

387 384 545 34 Schon wird die Roſe blaß und matt,

383 420 634 34 Die heißen Sonnenpfeile ſchießen

374 454 568 36 Ihr aus dem Kelche Blatt auf Blatt,

386 492 612 33 Und laſſen ſie im Winde fließen.

383 528 527 33 Vom Himmel tief die Wolke hängt,

374 562 612 36 Es rollt und blitzt aus dunklen Streifen,

375 602 511 33 Und Alles rüſtet ſich und drängt,

380 637 469 33 Die angeſetzte Frucht zu reifen;

371 670 529 36 Noch ſelber grün im grünen Laube

380 707 566 35 Verbirgt und ründet ſich die Birne,

374 743 803 35 Doch leckt der Fuchs ſchon nach der Traube

377 778 757 35 Und lauſcht, ob bald der Saft ſich firne.

384 815 583 35 Nun prüft der Landmann ſein Geräth,

377 853 580 33 Das Ernteſeil und Zaum und Trenſe,

377 886 523 36 Und wer im letzten Herbſt gemäht,

387 924 603 33 Nimmt von der Wand die breite Senſe.

374 961 454 33 Noch iſt nicht große Erntezeit.

371 1032 496 36 Doch auf der Wieſe ellenlang

384 1066 467 36 Des Graſes fette Halme ſtehen,

377 1105 621 33 Da ſieht man jetzt mit Sang und Klang

378 1143 522 31 Die Schnitter an die Arbeit gehen.

381 1213 519 32 Wenn Roſenhauch und Veilchenduft

371 1246 600 36 Mir wie ein Gruß der Liebe ſchmeichelt,

381 1282 636 36 Wenn mich die ſanft bewegte Luft

383 1315 688 38 Mit weichen Wohlgerüchen ſtreichelt,

380 1351 663 35 Dann komm auch du heran und ſtreu

380 1387 591 33 Mir deinen Duft, o Wieſenheu!

329 1423 837 39 Damit hat man von der Wolff’ſchen Lyrik und Na⸗

218 1465 957 41 turpoeſie genug. Daß die Diction nirgends in’s Seichte

221 1513 954 39 und Flache umſchlagen kann, weil ſie ſich darüber nie

215 1560 960 37 erhebt, kann man an vorſtehenden Proben auch ſchon

219 1605 954 37 merken. Nun aber Tills Reden, die ja die Hauptſache ſind.

212 1653 952 37 Man kann lange ſuchen, ehe man eine Trivialität als

225 1698 948 36 Poeſie gedruckt findet, wie z. B. folgenden Sermon Till’s,

215 1740 963 37 in dem er den ‚Dichter’ anleitet, ſelbſt zu finden, wo er

218 1788 280 31 augenblicklich iſt:

243 1827 702 33 S. 101: Merk dir aus meinen Wanderjahren,

384 1863 507 31 Was oft erprobt ich und erfahren.

377 1899 525 34 Wenn du einmal zu Fuß, zu Roß,

378 1935 464 34 Ob einſam, ob mit Dienertroß,

374 1971 491 34 Mit viel Geld oder wenig reiſt,

377 2008 576 33 Und wo du biſt, oft ſelbst nicht weißt,

374 2046 510 31 Wie weit von Haus, wo ungefähr

384 2082 621 33 Das Städtchen liegt, wie nah dem Meer,

374 2119 564 32 An welchem Fluß und Berg, kurzum,

383 2154 426 34 Wo augenblicks du ſo herum

384 2191 474 33 Im Vaterland ich juſt befindeſt

371 2228 645 32 Und nach der Himmelsgegend windeſt, —

378 2261 468 35 Geb ich dir eine gülden Lehr’,

381 2298 498 34 Untrüglich ſchier, die halt in Ehr.

374 2330 641 38 Im Wirthshaus, in der Schenken Stube,

381 2367 693 37 Da wo — gleich Herr! — des Schenken Bube

380 2406 570 34 Den Blanken und den Trüben ſchenkt,

378 2443 549 33 Und wo die Zeitung liegt, da hängt,

381 2480 491 32 Wenn’s iſt ein reputirlich Haus,

371 2515 514 33 Rechts oder links, ſonſt gradeaus,

380 2551 460 33 Am Ofen, an der Fenſterwand

377 2589 466 31 Die Karte von ſothanem Land.

389 2658 526 36 So ziemlich in des Zimmers Mitte

381 2692 609 38 Stell dich, doch mindeſtens vier Schritte

383 2728 577 36 Tritt von der Wand zurück und ſchau

386 2766 475 34 Die Karte an, daß grau in grau

371 2802 624 34 Die Ebne, Berg und Fluß verſchwimmt;

387 2838 519 34 Da zeigt ſich deutlich und beſtimmt

378 2874 593 34 Fast groſchengroß ein ſchwarzer Tüpfel,

390 2907 480 36 Wie eines hohen Berges Gipfel.

383 2941 615 39 Nun dicht heran! Wie dir die Schuppen

392 2976 577 40 Jetzt von den Augen fall’n! entpuppen

390 3012 597 39 Wird ſich der Berg, der ſchwarze Punkt,

392 3049 478 38 Der wie ein Chimborazzo prunkt,

386 3085 492 39 Als jener Ort, woſelbst du ſtehſt,

377 3121 526 39 Nach dem du auf der Karte ſpähſt.

1412 273 458 31 So findeſt ſicher du die Stelle,

1407 307 477 33 Die von des Kartenplanes Helle

1403 345 565 33 Sich ſchwarz und dunkel unterſcheidet,

1398 381 581 34 Auf der manch Finger ſchon geweidet.

1403 453 589 33 Am Ort, deſſ’ Name ſchwarz umrandet,

1409 490 514 33 Da biſt du glücklich nun gelandet.

1350 574 845 36 Dreißig Verſe dieſes Sermons ſind überſchlagen,

1242 618 962 37 und der Abdruck der andern findet ſeine Entſchuldigung

1254 663 948 37 nur darin, daß man dadurch begreift, mit welchem Ge⸗

1233 709 966 36 ſchreibsel Wolff ſeine 196 Seiten füllt. — Geradezu eine

1256 753 943 37 Prämie könnte man ausſetzen für jeden, der etwas noch

1250 798 955 37 Banaleres ausfindig machte, als folgende Reimerei, die

1247 843 958 37 doch einen Hauptknotenpunkt des ganzen Opus darſtellt.

1245 889 965 36 Wo die Braut ſich aufhält, wollen die beiden ausfindig

1248 937 663 33 machen. Sie ſetzten ſich auf einen Stein,

1260 987 708 34 S. 117: Der ſchon vom warmen Sonnenſchein

1407 1023 476 34 Getrocknet war, und ein Papier

1403 1059 487 39 Zog Till hervor: Ich habe hier

1404 1093 563 36 Das neu’ſte Kreisblatt mitgenommen,

1415 1131 496 34 Das wollen wir einmal studiren,

1403 1167 435 33 Was hier die Leute inſeriren,

1410 1200 617 37 Und ob wir auf die Spur nicht kommen,

1404 1239 468 34 Die jetzt mit Energie und Liſt

1407 1270 507 39 Von hier aus zu verfolgen iſt.

1419 1302 531 42 Heirathsgeſuch — Geſunde Amme —

1412 1338 554 42 Miſſionsverein — Gemeindetrift, —

1409 1380 706 36 Ganz trocknes Holz (vom Fichtenſtamme?)

1412 1412 540 38 Geſundheitskaffee — Rattengift —

1415 1450 531 36 Halt! hier! Ein Medaillon verloren

1409 1485 544 36 Iſt auf dem Wege von den Thoren

1403 1521 595 36 Der Stadt bis hin zum Gute Raben,

1406 1555 448 41 In Diamanten drauf erhaben

1415 1596 514 36 M. B. verſchlungene Lettern treten,

1410 1632 516 37 Ehrlicher Finder wird gebeten —

1410 1669 510 36 Na und ſo weiter. Da der Name

1409 1703 497 35 Der Unterſchrift nicht B. anhebt,

1427 1738 424 33 Iſt’s alſo eine fremde Dame,

1412 1773 436 34 Die jetzt auf jenem Gute lebt

1410 1809 493 34 Und da M. B. dein Engel heißt,

1421 1848 504 31 Ist hundert gegen eins zu wetten:

1410 1882 507 33 Sie iſt’s, und da wird hingereiſt.

1356 1932 852 33 Das iſt Tills Redivivi Witz und Spaß. Und nun

1235 1975 980 36 erſt ſein Ernſt? Das Beſte davon ſoll nach ſeinen Empfeh⸗

1247 2022 960 36 lungsbriefen die Rede ſein, die ihm der Unmuth beim An⸗

1253 2068 955 35 blick eines, zur Abwechſelung evangeliſchen, Geiſtlichen ent⸗

1253 2113 957 36 reißt. Sie iſt ſechs Seiten lang. Zu guter Letzt einige

1243 2158 970 35 Kraftſtellen daraus herzuſetzen, mag Angeſichts der über

1253 2205 867 34 ſie gefällten Urtheile der Preſſe verzeihlich erſcheinen.

1269 2254 764 36 S. 149. Langſam, wie man den Fuß in Träumen

1409 2293 516 32 Nur zögernd vor den andern ſetzt,

1412 2328 493 34 Daher mit würdevollem Säumen

1416 2367 414 33 Kam eine Kirchenſäule jetzt;

1410 2437 579 33 Kein Truthahn kann vor rothem Tuch

1409 2472 514 34 Aufkollernd ſo in Wuth gerathen,

1415 2508 556 33 Wie auf den Mann mit ſeinem Buch

1419 2545 504 33 Till Eulenſpiegel; als wir nahten,

1412 2580 601 34 Wollt er mir aus dem Wagen ſpringen,

1413 2616 591 36 Kaum konnt ich mit Gewalt ihn zügeln

1409 2652 586 36 Und mußte mannhaft mit ihm ringen;

1403 2688 634 39 ‚Laß mich heraus, den muß ich prügeln!’

1419 2761 486 36 Mit jeder Waffe will ich fechten,

1412 2796 564 39 Mit Vorurtheil und Irrthum rechten

1418 2868 525 37 Doch von dem Tiſche ſteh’ ich auf,

1418 2902 561 41 Wie ich auch ſelber fehl’ und ſünd’ge,

1412 2939 613 38 An den ein Frömmler tritt, und künd’ge

1413 2976 510 43 Ihm menſchliche Gemeinſchaft auf.

1409 3048 619 39 Fort mit dem Dogma, das den Stempel

1415 3085 564 38 Nicht des Vernünft’gen an ſich trägt!

1410 3123 507 37 Fort mit Artikeln, Sakramenten!
