2318 3383
1023 105 224 79 2

143 215 969 47 am 11. Febr. 1863 und durch die angefügten literar⸗hiſto⸗

143 261 960 46 riſchen Beilagen beſonders werthvoll (Bonn 1863), und

140 301 958 53 das Gedächtnißblatt, das Franz Pfeiffer auf ſein Grab

146 350 949 49 niedergelegt hat (Wien 1862). Reicher wird die Darſtellung

134 393 969 58 bei dem berühmten Aeſthetiker F. Th. Viſcher in ſeinen

141 438 958 55 ‚Kritiſchen Gängen‘ (4. Heft S. 97–169). Er, der ſtrenge

138 482 954 52 Kunſtrichter, faßt das Ganze dieſer Perſönlichkeit in Einem

144 527 948 50 Satze zuſammen: ‚Wo in Uhland’s Weſen eine Lücke iſt

144 572 950 52 auf einer beſtimmten Seite, da ſehen wir immer von an⸗

141 615 955 58 derer Seite eine geſunde Kraft ergänzend, entſchädigend

138 660 951 54 eintreten. Dies gibt dem geiſtigen Bilde des Mannes die

143 708 948 51 ihm eigene Rundheit und Ganzheit.‘ Zum Schluß aber faßt

129 750 959 55 er, von der Reflexion abgehend, das Weſen eines Heine

135 795 957 59 und eines Uhland in ein Bildchen zuſammen, das ich, weil

129 842 970 57 es doch wohl nicht ſehr bekannt geworden iſt, hier ein⸗

132 887 164 35 rücken will.

220 926 864 60 ‚Die Muſen hatten einmal den ſonderbaren, befrem⸗

128 978 954 52 denden Einfall, ſich zu betrinken. Er wurde in einem rau⸗

128 1023 951 52 ſchenden Bacchanal ausgeführt. Euterpe, die Muſe der

119 1067 960 52 lyriſchen Dichtkunſt — ein andermal hat auch Terpſichore

119 1112 970 53 dieſes Amt neben dem der edlen Tanzkunſt—nun, Euterpe

122 1158 962 51 wußte in dem Augenblick, wo wir nach ihr ſehen, wohl

126 1202 948 50 kaum noch, wie ſie eigentlich heiße, — ſie ſtürzt mit flam⸗

113 1247 963 53 menden Augen und ſauſenden Locken aus dem Haine am

114 1293 976 50 Helikon, wo ihre Schweſtern noch ſangen, tanzten, muſicir⸗

117 1338 963 47 ten und jubelten; der Rauſch hat ihr einen verrückten Ge⸗

116 1382 957 47 danken eingegeben: ſie hat ſich in den Kopf geſetzt, den

113 1424 964 53 Erſten, der ihr begegne, wer es auch ſei, auf die Stirne zu

116 1470 946 48 küſſen und ihm hiermit das Siegel ihrer Weihe aufzudrücken.

117 1514 950 47 Götter und Göttinnen, Genien und vollends betrunkene können

102 1559 978 54 mit Blitzeseile durch die Luft ſchießen. Blind, ohne Wahl

104 1606 957 51 der Richtung fährt Euterpe dahin, ſchon befindet ſie ſich

108 1650 959 46 weit, weit weg vom Bereich der griechiſchen Lüfte, über

108 1692 966 53 nebligem Land fern im Norden ſchwebt ſie, nahe einer großen

111 1736 948 46 Stadt am Ufer der Elbe. Jetzt läßt ſie ſich nieder aus der

111 1782 970 51 Höhe, ſie ſteht auf der Erde, hart vor einem jungen Schlin⸗

102 1828 951 44 gel, der mit üppig zwinkernden Augen, ſchlendernden Gangs

102 1872 957 46 eben aus der Stadt gebummelt kommt. Sie drückt ihm einen

96 1916 930 47 vollen feurigen Kuß auf die Stirne und ſchwebt hinweg.

192 1953 873 55 Des andern Morgens finden wir ſie auf einer Felſen⸗

101 2007 951 46 ſpitze im Parnaß, dort bei Delphi in der Schlucht, wo die

92 2052 955 48 kaſtaliſche Quelle rinnt. Sie ſtiert mit wildem Blick vor ſich

89 2097 961 48 hin, ſie iſt zu ſich gekommen und mit Entſetzen. Es bedurfte

98 2142 951 48 nicht der magiſchen Einwirkung der unter ihr rinnenden

90 2186 953 50 prophetiſchen Quelle, noch der myſtiſchen Dämpfe, die dem

86 2231 954 50 Erdſchlund im nahen Tempel entſtrömen, um ihr zu ſagen,

90 2274 959 52 wer es war, den ſie geküßt; der himmliſche Geiſt, der ihr

90 2318 945 52 als Muſe innewohnte, ſagte es ihr von ſelbſt. Aber der

87 2360 959 56 Kuß galt, er ſaß und er galt. Mit Einem weiten Blick

90 2405 942 55 überſah ſie, was ſie gethan. Sie ſah, wie nun die reine

84 2451 956 55 blaue Flammenzunge des Götterlichts zwiſchen Schmutz und

84 2497 957 51 gemeinem Erdenfeuer unbegreiflich hervorleuchten werde,

90 2540 954 55 ſtets entweiht und ſtets wieder entzückend. Nicht daß dieſer

93 2585 933 53 Menſch in der Verzweiflung ſcherzen, im Scherz verzwei⸗

83 2631 949 52 feln, nicht daß er dämoniſch lachen zugleich und weinen

87 2675 939 53 werde, nicht an ſich beklagte ſie das; ſo lange nur die Ver⸗

75 2720 954 55 zweiflung wahr, die Thräne echt, der Widerſpruch erlebt,

81 2765 942 55 ließ ſie es gelten; ſie begriff, obwohl eine Griechin, die

77 2810 955 55 veränderten Zeiten, die tieferen Seelenklüfte einer Menſch⸗

83 2853 946 57 heit von ſo viel verwickelterer Bildung, den ungleich wilderen

71 2897 955 58 Stoß des Ideals auf die Realität. Aber daß dies zur eiteln

71 2943 961 57 Fratze werden, daß der verwöhnte Junge die leichten

77 2989 952 56 Triumphe haſchen werde, die dem in die Hand fallen, der

71 3033 948 57 in die Poeſie die Parodie der Poeſie einzuführen die wohl⸗

71 3081 951 57 feile Frechheit hat, daß er wunderbare Sehnſucht, namen⸗

1163 234 954 55 loſe Wehmuth, traumhafte Ahnung in jeder Seele wecken

1164 279 954 54 und dann wie Seifenblaſen zerplätſchen werde, daß er

1164 326 951 50 keinen Witz werde verhalten können, wenn er auch eben nur

1166 369 966 51 tauge, ein paar alte oder junge Bockgeſichter an der Wirths⸗

1163 414 957 54 tafel meckern zu machen, daß ihm ſein witziges Ich, alles

1160 459 954 52 verklärend, und im Verklären unter Hohn zerſetzend, über

1160 504 951 54 alles ſein, daß er ſchnöd, ſchmierig verläumden, lügen, ſein

1158 549 954 55 Vaterland im Ausland dem Spott Preis geben, daß er,

1158 594 956 52 ein feiger Weichling, ſich als Ritter und Freiheitskämpe

1151 639 973 56 aufſpreizen, daß er endlich fromm werden und unter des

1151 684 948 52 lieben Herrgotts rothem Mantel hervorlachen und kichern

1145 728 979 54 werde, verachtet, verabſcheut und doch noch immer beſtechend

1152 774 964 57 und zum Mitlachen kitzelnd, immer hinreißend, immer un⸗

1155 818 950 53 widerſtehlich und immer unausſtehlich, ein Wicht und der

1152 863 957 50 verhätſchelte Liebling Aller, ein Geſchwür des Geſtanks

1146 908 970 51 und vom Dufte der Lorbeerblüthe nie verlaſſen, ein geiler

1149 951 954 54 Affe und ein Muſenjüngling mit einem Strahlennimbus

1143 996 957 54 um’s Haupt, ein unerſchöpflicher Honigkelch voll Gift für

1146 1043 954 50 die Nation, — o ſie überſah alles, alles. Ihr Götter, was

1155 1088 939 52 habe ich gemacht! rief ſie, ihre himmliſchen Locken raufend,

1125 1133 987 54 hre Hüften ſchlagend, — da plötzlich hielt ſie inne, ver⸗

1125 1176 988 51 ſtummte, ihre Blicke erheiterten ſtch, ein troſtreicher Gedanke

1142 1223 954 52 ſchien ihr aufzuſteigen. Sie erhob und ſchwang ſich in die

1139 1266 952 52 Lüfte. Wiederum, doch diesmal wohlbedacht, führte ſie ihr

1134 1313 971 49 Flug nach dem Norden, aber nach dem Süden des Nordens.

1127 1350 969 60 Es war ein klarer Frühlingsmorgen. Auf einem Rebenhügel

1134 1400 950 53 an einem ſchönen Flußthal, deſſen Ausſicht fernes blaues

1133 1444 970 57 Gebirge begrenzte, ließ ſie ſich nieder. Sie ſah unverwand⸗

1123 1484 967 59 ten Blicks nach dem Haus, an das der Weinberg ſtieß. Die

1130 1531 968 54 Thür öffnete ſich, ein Mann mit herben Zügen, über denen

1127 1575 974 56 aber der Geiſt des Friedens, der ſtillen Kraft, der beſchei⸗

1122 1623 966 54 denen Tugend ſchwebte, ein Mann, deſſen ganzes Weſen

1122 1659 965 61 Einfachheit war, ſchritt heraus in den Rebengarten, der

1112 1705 976 59 ſein Eigenthum ſchien. Heiter ſah er nach dem Gedeihen

1121 1750 963 60 der Sprößlinge, dann ſchickte er die Blicke mit einem un⸗

1108 1794 967 61 ausſprechlichen Ausdruck in das Thal hinaus, das in der

1122 1839 968 70 Morgenſonne ſtrahlte, hinüber nach den duftigen Bergen.

1122 1887 966 61 O du biſt es, ſprach ſie; dich hab’ ich einſt auch geküßt, ich

1122 1931 956 59 weiß es wohl noch, es war an einem ſolchen Morgen, da

1122 1976 953 59 du als Kind dort unten am Fluſſe ſpielteſt; der Kuß war

1119 2022 957 58 nicht voll, nicht glühend, nicht trunken, er war kühl, keuſch,

1109 2069 970 58 ſanft, ſo wie Athene küſſen würde, wenn ſie jemals küßte;

1115 2112 957 58 aber du, ja du biſt gut, die Geſchlechter werden mich ſegnen

1107 2153 966 56 um dieſen beſcheidenen Kuß. Du wirſt leben, unſterblich

1098 2196 971 61 leben in der Nation. Ein Denkmal wird dir dort unten

1119 2247 954 54 erſtehen auf einem Hügel in der grünen Au am Fluß, ehern

1110 2292 969 54 und gediegen wie du ſelbst. Wohl dir, wohl mir, wohl mei⸗

1103 2337 973 54 ner geretteten Ehre! Noch einmal ließ ſie mit innerſtem

1112 2382 962 61 Wohlgefallen ihr Auge auf dem Manne ruhen, dann ſchwang

1096 2428 962 54 ſie ſich wieder auf und ſchwebte dahin und kehrte frohen,

1107 2472 967 55 verklärten Blicks zurück zu ihren Schweſtern auf den Höhen

1100 2519 487 47 des Helikon.‘ — So Viſcher.

1212 2563 859 54 Nicht lange nach Uhland’s Tod, der am 13. Nov-

1110 2607 951 55 1862 erfolgte, erſchien als ‚ein Gedenkbuch für das deutſche

1107 2652 945 52 Volk‘ ſein Leben von J. Gihr bearbeitet, (Stuttg. 1863)

1091 2700 989 48 knapp gehalten, wie es ſich für den bezeichneten Zweck ge⸗

1104 2744 955 49 ziemt, übrigens wohl gemeint und mit Begeiſterung aus⸗

1101 2790 954 51 geführt. — Auf breiterer Grundlage, beſonders in äſthetiſcher

1098 2834 960 50 Beziehung, ruht das Werk: ‚ L. Uhland; ſein Leben

1092 2880 957 51 und ſeine Dichtungen‘ von Fr. Notter, (Stuttg.

1092 2923 956 54 1863), der, ſelbſt Dichter und bekannter Ueberſetzer Dante’s,

1095 2970 956 48 wohl befähigt erſcheinen mußte, die dichteriſche Bedeu⸗

1080 3012 980 56 tung Uhland’s ganz und voll zur Würdigung zu bringen.

1091 3062 961 49 Wenn er als ‚Gipfelpunkt der Uhland’ſchen Poeſie‘ den

1092 3110 953 47 ‚Waller‘ und den ,Bertran de Born‘ hinſtellt, ſo läßt ſich
