2387 3353
1107 141 51 31 217

144 250 944 35 rechtmäßigen Obrigkeiten, denen ſie geſchworen, einen König

150 293 952 38 oder Kaiſer zu ſetzen? Wo iſt der Rath der Könige und

141 339 956 37 Fürſten Teutſchlands, der nach tauſendjährigem Herkommen

153 384 941 36 dem heiligen Reich ſeinen König kürt und die Wahl dem

155 429 945 36 Volk zur Beſtätigung vorlegt? . . . . Das Ding, von dem

147 474 953 36 wir reden, trägt nicht das Zeichen des h. Kreuzes, drückt

141 519 953 36 nicht den Stempel »von Gottes Gnaden« aufs Haupt, iſt

144 563 962 38 keine Krone. Es iſt das eiſerne Halsband einer Knecht⸗

152 609 956 36 ſchaft, durch welches der Sohn von mehr als 24 Regenten,

149 654 954 37 Kurfürſten und Königen, das Haupt von 16 Millionen,

146 699 962 37 der Herr des tapferſten und treueſten Heeres der Welt,

149 744 937 37 der Revolution zum Leibeigenen gemacht würde. Und das

149 790 959 36 ſei ferne!’ ‚Es will mich faſt bedünken, mein theurer Arndt,

149 834 943 37 als walte in Ihnen ein Irrthum, den Sie freilich mit

143 879 949 37 vielen andern Menſchen theilen: als ſähen Sie die zu be⸗

138 925 950 38 kämpfende Revolution nur in der ſog. Rothen Demokratie

141 970 967 36 und den Communiſten. Der Irrthum wäre ſchlimm. Jene

144 1015 962 38 Menſchen der Hölle und des Todes können ja nur allein

144 1060 951 38 auf dem lebendigen Boden der Revolution wirken. Die

144 1105 951 38 Revolution iſt das Aufheben der göttlichen

141 1150 945 38 Ordnung, das Verachten, das Beſeitigen der rechten

143 1197 959 36 Ordnung, ſie lebt und athmet ihren Todeshauch, ſo lange

1179 246 933 36 unten oben und oben unten iſt.’ So lange die Hoffnung

1166 291 949 34 noch vorhanden ſei, das ganze Deutſchland zuſammenzu⸗

1169 336 968 37 halten, ihm Oeſterreichs 37 Millionen zu erhalten dadurch,

1176 379 939 38 daß das Haupt des Erzhauſes wieder das unbeſtrittene

1170 424 945 36 erſte Haupt der Chriſtenheit und als ſolches Deutſchlands

1170 469 951 38 Haupt werde, erklärte er die Kaiſerkrone nicht annehmen

1169 514 955 38 zu können. Er wolle nicht durch eigene Schuld über einen

1176 559 945 36 Rumpf, über ein Deutſchland ohne Oeſterreichs Erbſtaaten

1169 603 942 37 herrſchen. Erſt dann, wenn Oeſterreich durch feierliche Zu⸗

1173 648 942 37 rückweiſung der deutſchen Krone klar bekenne, daß Metter⸗

1166 693 971 37 nich’s Geiſt, die heilloſe Politik des Entfernthaltens Oeſter⸗

1169 738 962 39 reichs von den deutſchen Dingen, in Oeſterreich noch herrſche,

1175 783 937 39 dann könne nur Preußen helfen, erſt dann wache für

1169 828 954 37 ihn die Pflicht auf, dieſe Schmerzenskrone anzunehmen.

1181 874 954 36 So Friedrich Wilhelm IV. Was Dahlmann betrifft, ſo ſei noch

1170 921 948 36 erwähnt, daß er ſpäter, im Gegenſatz zu ſeinen kleindeutſch

1172 963 930 40 geſinnten Varteigenoſſen in dem von Napoleon heraufbe⸗

1175 1009 940 39 ſchworenen italieniſchen Krieg von 1859 eine Frevelthat

1178 1054 943 39 erblickte, ſich zu Gunſten Oeſterreichs ausſprach und die

1173 1101 938 37 damalige preußiſch⸗engliſche Politik entſchieden verurtheilte.’

1263 1146 767 37 Paderborn. Köhler.

1545 1201 203 30 (Schluß folgt.)

984 1294 296 75 Nachrichten.

241 1401 861 31 — Aus dem Sitzungsberichte der diesjährigen (16.)

140 1437 957 31 Plenarverſammlung der Hiſtoriſchen Commiſſion, welche

128 1473 970 31 in München vom 30. Sept. bis 2. October tagte, entnehmen wir

135 1507 957 33 Folgendes: ‚Der über die Arbeiten des abgelaufenen Jahres vom

141 1542 942 33 Secretär erſtattete Geſchäftsbericht zeigte, daß die Unternehmungen,

140 1576 961 32 von den Vorſtänden der Archive und Bibliotheken überall auf

131 1609 973 32 das zuvorkommendſte unterſtützt, in erwünſchtem Vorgang ſind.

134 1641 949 33 Seit der vorjährigen Plenarverſammlung kamen in den Buch⸗

140 1675 945 36 handel folgende neue Publicationen: 1) Geſchichte der Wiſſen⸗

141 1716 945 33 ſchaften in Deutſchland. Neuere Zeit. Bd. XIV. Geſchichte der

143 1753 939 33 Nationalökonomie von Wilhelm Roſcher. 2) Die Receſſe und

144 1789 945 32 andere Acten der Hanſetage von 1256—1430. Bd. III. 3) Jahr⸗

134 1827 960 31 bücher der deutſchen Geſchichte. Jahrbücher des Deutſchen Reichs

131 1863 945 31 unter Heinrich VI. von S. Hirſch. Bd. III. Herausgegeben und

140 1899 942 34 vollendet von Harry Breßlau. 4) Jahrbücher der deutſchen

140 1933 961 36 Geſchichte. Jahrbücher des deutſchen Reichs unter Heinrich III.

135 1968 954 36 von Ernſt Steindorff. Bd. I. 5) Forſchungen zur deutſchen

134 2002 964 39 Geſchichte. Bd. XV. 6) Bayeriſches Wörterbuch von J. Andreas

143 2038 939 39 Schmeller. Zweite, mit des Verfaſſers Nachträgen vermehrte

129 2074 957 38 Ausgabe, bearbeitet von G. Karl Frommann. Lieferung XI.

132 2109 969 39 7) Allgemeine deutſche Biographie. Bd. I. (Lieferung I—V)

137 2145 962 40 und zwei Hefte von Bd. II. (Lieferung VI–VII). Außerdem

129 2181 948 39 ſind zur Ausgabe fertig: 1) Geſchichte der Wiſſenſchaften in

135 2217 948 39 Deutſchland. Neuere Zeit Bd. XV. Geſchichte der Botanik von

135 2254 948 38 Dr. Julius Sachs. 2) Briefe und Acten zur Geſchichte des

134 2290 968 37 16. Jahrhunderts mit beſonderer Rücksicht auf Bayerns Fürſten⸗

132 2326 963 37 haus. Bd. III. Abth. 1. Beiträge zur Reichsgeſchichte 1546–1551.

128 2359 961 39 Bearbeitet von Auguſt v. Druffel. 3) Allgemeine deutſche

138 2397 951 39 Biographie. Lieferung VIII. Die Berichte welche im Verlaufe

135 2433 945 39 der Verhandlungen von den Leitern der einzelnen Unternehmungen

140 2469 945 39 erſtattet wurden, ſtellen noch andere Publicationen in nahe Aus⸗

132 2505 963 39 ſicht. Im Druck iſt das Schlußheft des Schmeller’ſchen Wörter⸗

138 2539 958 41 buchs; die Ausgabe deſſelben wird nur durch das Regiſter noch

138 2575 956 39 etwas verzögert werden, da der Herausgeber Dr. Frommann

141 2613 942 39 im Intereſſe des Publicums dasſelbe möglichſt erweitern und

144 2647 939 41 vervollſtändigen will. Auch der Regiſterband zu den deutſchen

144 2683 939 39 Weisthümern, welcher die Benützung dieſes reichhaltigen Werks

135 2719 960 41 außerordentlich erleichtern wird, iſt im Druck begonnen. Es wird

138 2754 945 42 in zwei Abtheilungen erſcheinen, von denen die eine das Namen⸗

134 2790 962 42 und Sachregiſter, bearbeitet von R. Schröder in Würzburg,

134 2826 966 42 die andere das Wortregiſter, bearbeitet von Prof. Birlinger

134 2860 961 45 in Bonn, enthalten wird. Wie die neue Ausgabe des berühmten

135 2896 948 45 bayeriſchen Wörterbuchs, wird auch die von J. Grimm begründete

147 2932 942 45 Sammlung der deutſchen Weisthümer im nächſten Jahr voraus⸗

128 2968 955 45 ſichtlich zum Abschluß gelangen. Auch die Geſchichte der Wiſſen⸗

140 3003 946 46 ſchaften geht ihrer Vollendung entgegen. Nachdem bereits 15

143 3040 939 45 Bände die Preſſe verlaſſen haben, werden demnächſt die Geſchichte

138 3075 951 45 der Mathematik, bearbeitet von Prof. Gerhardt aus Eis⸗

135 3114 953 43 leben, und die Geſchichte der Geſchichtswiſſenſchaft, bearbeitet

1163 1398 975 33 von Prof. Wegele in Würzburg, zur Publication gelangen;

1169 1434 943 33 die Geſchichte der Geologie, der claſſiſchen Philologie und der

1161 1470 957 33 Medicin werden bald ihnen folgen. Da die Gelehrten, welche

1169 1503 952 34 früher die Geſchichte der Phyſik und der Kriegswiſſenſchaften

1166 1539 964 33 übernommen hatten, die Bearbeitung aufgegeben haben, mußten

1166 1573 948 33 für dieſe Abtheilungen neue Kräfte gewonnen werden. Die Geſchichte

1163 1606 955 33 der Kriegswiſſenſchaften hat jetzt Generallieutenant Frhr. v.

1160 1639 957 33 Troſchke in Berlin übernommen; wegen der Geſchichte der

1157 1677 960 31 Phyſik ſchweben noch Verhandlungen, die hoffentlich demnächſt

1160 1714 960 33 zum Abſchluß gelangen werden. Von der großen unter Prof.

1160 1752 952 31 Hegel’s Leitung herausgegebenen Sammlung der deutſchen

1173 1788 939 31 Städte⸗Chroniken ist der zwölfte Band, der erſte der Kölniſchen

1173 1825 939 32 Chroniken, im Druck nahezu vollendet und wird in kurzer Friſt

1166 1860 949 33 ausgegeben werden. *) Dereſlbe enthält Erzählungen und hiſtoriſche

1161 1896 950 33 Berichte aus dem 13. bis 15. Jahrhundert; die bekannte Reim⸗

1166 1932 960 33 chronik von Gottfried Hagen, die Weberſchlacht, das ſogenannte

1163 1968 948 31 Neue Buch und eine Anzahl kleinerer hiſtoriſcher Berichte, die

1160 2002 957 33 unter dem Namen »Memoriale des 15. Jahrhunderts« zuſammen⸗

1162 2037 969 34 gefaßt ſind. Vorausgeſchickt iſt eine allgemeine Einleitung, erſtens

1166 2071 949 35 über die Geſchichte und Verfaſſung der Stadt im Mittelalter,

1161 2106 956 34 die ſpäter weiter fortgeſetzt werden wird, und zweitens über die

1167 2140 959 36 Kölniſche Geſchichtſchreibung und Literatur. Die hiſtoriſche Be⸗

1157 2175 970 37 arbeitung iſt mit Ausnahme des erſten Theils der Einleitung,

1167 2211 945 37 welchen Prof. Hegel ſelbſt verfaßt hat, von Dr. H. Cardauns

1164 2245 945 39 in Bonn, die ſprachliche von Dr. C. Schröder aus Schwerin

1158 2281 954 39 und Prof. Birlinger in Bonn ausgeführt. Zwei weitere

1172 2316 946 40 Bände Kölniſcher Chroniken, welche Jahrbücher aus dem 14.

1169 2352 946 40 und 15. Jahrhundert und die Koelhoff’ſche Chronik von 1499

1164 2388 948 40 enthalten ſollen, werden ſchnell dem erſten folgen. Für die baye⸗

1161 2424 956 42 riſchen Städte⸗Chroniken liegen zwei fertige Arbeiten vor: die

1170 2458 947 42 Regensburger Chronik von Leonhard Widmann (1511—1555),

1164 2496 964 40 bearbeitet vom Archivſecretär Frhrn. E. v. Oefele in Bam⸗

1161 2530 951 42 berg, und die bis 1400 reichenden Mühldorfer Annalen, bearbeitet

1161 2566 951 42 vom Archivſecretär Dr. Th. Heigel. Mit dieſen Stücken ſoll

1160 2602 954 42 verbunden werden, was die Stadt München an hiſtoriſchen Denk⸗

1155 2638 966 42 würdigkeiten und chronikartigen Aufzeichnungen aus dem Mittel⸗

1164 2674 948 42 alter bietet, namentlich die Katzmair’ſche Denkſchrift, mit deren

1160 2710 960 42 Bearbeitung Reichsarchivrath Muffat beſchäftigt iſt. Für die

1167 2746 951 42 Herausgabe der Lübecker Chroniken iſt Prof. Mantels in

1175 2781 945 42 Lübeck unausgeſetzt thätig geweſen, und hofft den erſten Band

1161 2820 978 40 bis Ende dieſes Jahres druckfertig herſtellen zu können. Stadt⸗

1170 2856 951 42 archivar Hänſelmann in Braunſchweig eröffnet für das

1163 2890 964 42 kommende Jahr auf die Vollendung des zweiten Bandes der

1166 2928 964 42 Braunſchweiger Chroniken Ausſicht. Dr. v. Bippen in Bremen

1167 2964 951 42 hat die Neubearbeitung der Chronik von Rynesberg⸗Schene be⸗

1155 3000 978 42 gonnen. Von dem umfaſſenden Unternehmen der Reichstagsacten,

1161 3037 951 41 welches unter Leitung des Prof. Weizſäcker steht, wird der

1274 3109 755 38 *) Iſt eben geſchehen. Red.
