2387 3365
253 68 1840 248 Literariſche Rundſchau.

182 381 399 33 Erſcheint am 15. eines jeden Mo⸗

176 417 423 37 nats. Der Abonnementspreis beträgt

257 451 255 36 3 Mark p. Semeſter.

914 373 499 43 Redigirt von Joſeph Köhler.

849 427 639 40 Verlag von Rudolf Barth in Aachen.

989 482 357 44 Erſter Jahrgang.

1742 388 403 36 Inſerate werden mit 30 Pfennigen

1731 423 422 37 für die 2ſpaltige Petitzeile oder deren

1856 462 178 33 Raum berechnet.

179 575 1978 48 Nr. 5. Ausgegeben am 15. Mai. 1875.

171 661 1985 44 Inhalt: Ueberſichten und allgemeine Charakteriſtiken: Friedrich Spielhagen und der ſociale Roman. — Recenſionen und

284 702 1870 39 Referate: Allgemeine deutſche Biographie. Danko, Divum Hieronymum oppido Stridonis natum esse propugnat.

272 736 1885 38 Delitzſch, Hohes Lied und Koheleth. Keil, Commentar über die Bücher der Makkabäer. Stein, Sieben Bücher zur Geſchichte

281 772 1864 41 des Platonismus. Band III. Prutz, Kaiſer Heinrich I. Bernhard Ritter von Meyer’s Erlebniſſe. — Nachrichten. —

272 808 165 33 Büchertiſch.

590 885 1148 89 Ueberſichten und allgemeine Charakteriſtiken.

219 1016 857 42 Friedrich Spielhagen und der ſociale Roman.

284 1070 832 44 Die Bellettriſtik iſt anerkanntermaßen mit Erfolg

167 1113 954 45 die Pionierin der modernen Ideen geweſen, ſie hat die

179 1160 948 41 Aufgabe, die groben Gedanken, die in ihrer ungeſchliffenen

165 1202 959 43 Form nur unter wenigen Eingeweihten circuliren, zu po⸗

167 1248 948 42 liren und unter die weiteſten Schichten des Volkes zu ver⸗

170 1292 963 44 breiten. Sie hat dieſen tendenziöſen Zweck wahrlich zu

167 1335 966 46 nicht geringem Schaden der chriſtlichen Weltanſchauung zu

173 1382 942 40 verwirklichen gewußt; die moderne Bellettriſtik — im Ge⸗

170 1429 954 39 genſatz zur chriſtlichen — hat mit vereinten Kräften, und

179 1471 949 39 ſo buntſcheckig durch einander gewürfelt ſie auch auf den

170 1513 951 41 erſten Blick erſcheinen mag, mit inſtinctiv einheitlichem

183 1557 947 37 Feldzugsplan nach diesem Ziele hin gerungen; wie ein

167 1599 955 37 alter Routinier verfügt ſie über eine Fülle von Erfahrun⸗

180 1644 947 37 gen, die ihr den Erfolg ſichern, und es gibt kein Feld des

179 1686 940 42 menſchlichen Wiſſens, das ſie nicht zu einem künſtlichen

167 1732 957 43 Treibbeete ihrer exotiſchen Phantaſiegewächſe umgeſchaffen

171 1777 959 43 und dadurch ihren Zwecken dienſtbar gemacht hätte. Es

167 1823 960 41 erinnert mich ſtets an die wunderſame Melodei des alten

182 1868 945 41 Volksliedes vom ‚Rattenfänger von Hameln’, und wenn

167 1914 954 42 ich durch unſern deutſchen Dichterwald wandle, dann rauſcht

177 1958 551 35 es durch alle Blätter und Zweige:

371 2007 543 40 Wer iſt der bunte Mann im Bilde?

372 2043 498 39 Er führet Böſes wohl im Schilde,

369 2079 488 37 Er pfeift ſo wild und ſo bedacht;

363 2115 594 39 Ich hätte mein Kind ihm nicht gebracht.

278 2163 843 40 Ja es iſt, der Wundermann mit bunten Kleidern an⸗

179 2210 939 38 gethan,‛ pfeifend durchzieht er die Straßen, und alle die

173 2255 954 40 hübſchen Kinderfrätzchen ziehen ihm nach hinab in das tiefe,

170 2300 957 38 tiefe Waſſer, und übers Jahr ſpielt der Wind und die Libelle

176 2346 942 37 mit dem aus der Tiefe emporgewachſenen Pflanzenwuchſe,

176 2388 948 39 der von ferne einer ſchlammigen Maſſe gleicht, aber unter

176 2433 939 39 der Lupe einen facettirenden Reichthum vegetabiliſcher Bil⸗

179 2477 948 38 dungen entfaltet. Der chriſtliche Aeſthetiker und Literar⸗

176 2522 945 38 hiſtoriker muß mit dieſen Factoren rechnen und ſie zur

185 2567 942 37 Befruchtung der formellen Ausbildung der chriſtlichen Dich⸗

182 2610 945 40 tung zu verwerthen ſuchen. Wie die Häreſie die wenngleich

173 2655 948 40 bedauernswerthe Urſache der formellen Ausbildung der

171 2699 959 40 chriſtlichen Erkenntniß geweſen, und wir uns ohne die

176 2744 948 40 Gnoſtiker nicht des Beſitzes eines Irenäus rühmen könnten,

177 2790 957 39 ſo ſoll uns auch das Daſein einer antichriſtlichen, bis zum

185 2835 942 36 Raffinement ausgebildeten Dichtung wenigſtens ſtreng

176 2879 948 37 machen in den Anforderungen, die wir an unſere eigene

183 2927 89 34 ſtellen.

303 2968 821 40 Ein Characteriſticum unſerer Zeit iſt die raſtloſe

188 3011 927 42 Energie, mit welcher der Einzelne ſich die fortſchreitenden

180 3058 938 43 Reſultate der Cultur zu eigen macht. In zahlloſen Zeit⸗

1205 1017 936 34 ſchriften orientirt man ſich über die neueſten Entdeckungen

1193 1061 958 35 auf dem Gebiete der Praxis und über die jüngſten For⸗

1211 1107 939 34 ſchungen auf dem Felde der Theorie, zwiſchen den Schul⸗

1206 1151 933 37 heften des Tertianers findet man den allerneueſten Roman,

1196 1196 951 37 wie im Nähkörbchen der Penſionsſchülerin maroquingebun⸗

1190 1239 963 37 dene Gedichtſammlungen, die vom letzten Leipziger Bücher⸗

1199 1286 955 37 markt herrühren, und der geringſte Kannegießer im letzten

1196 1329 945 37 Dörfchen unſeres Vaterlandes iſt über die Staatsactionen

1194 1373 950 38 der Gegenwart ſo genau unterrichtet, als ob er ſelbst ihre

1196 1419 945 37 bewegenden Fäden in ſeiner Hand vereinigte. Uns, die wir

1206 1464 935 37 darum im eigentlichen Sinne ‚Kinder unſer Zeit’ sind, kann

1202 1507 936 39 deshalb nichts mehr chokiren, als wenn uns ein Unterhal⸗

1196 1549 948 38 tungs⸗ und Bildungsſtoff geboten wird, der um einige De⸗

1202 1591 948 39 cennien zu ſpät das Licht der Welt erblickt hat. Der ſociale

1196 1635 958 42 Roman Spielhagens, der uns in dieſen Spalten beſchäftigt,

1196 1679 958 44 gibt zu einer ſolchen Klage keinen Anlaß. Die neueſten

1199 1724 951 44 Modulationen geſellſchaftlichen Lebens und ſocialiſtiſcher

1202 1772 943 40 Forſchung im Romanbilde wiederſpiegelnd, hat er in der

1199 1817 954 41 früheren Bellettriſtik keinen nachweisbaren Vorgänger.

1199 1863 940 37 Der ältere ſociale Roman erfaßte ſeinen Gegenſtand in⸗

1202 1906 948 39 ſtinctiver, ein innerer Trieb war es, der die einzelnen

1202 1950 942 39 Dichter bewog, die Grundlage ihrer Schöpfungen vorwie⸗

1191 1998 950 37 gend einer beſtimmten geſelſchaftlichen Kaſte zu entnehmen.

1193 2040 943 39 Anders bei Spielhagen. Er dichtet im Dienſte eines ſcharf

1199 2084 945 38 pointirten Gedankens, mit einem fertigen ſocial⸗politiſchen

1199 2128 939 36 Syſtem tritt er die poetiſche Arbeit an. Während der ober⸗

1193 2172 942 34 flächliche Leſer ſich an den äußeren Geſtalten und an der

1196 2217 942 31 Mache des Romans erfreut, intereſſirt es den tieferblicken⸗

1190 2259 951 36 den, unter der Ornamentik den ſtrengen Grundriß und die

1199 2301 952 39 leitenden Grundformen der ſocial⸗politiſchen Schule zu

1206 2346 932 39 ſtudieren. Dichteriſche Schöpfungen, in denen ſociale Prin⸗

1196 2390 942 41 cipien in beſtechender Form verwerthet ſind, können aber

1200 2436 932 42 von dem chriſtlichen Denker nicht unbeachtet gelaſſen werden,

1191 2480 956 43 und ſo will ich es verſuchen, in Folgendem das Bild eines

1196 2525 945 41 unſerer augenblicklich einflußreichſten Romanſchriftſteller

1196 2570 945 41 kurz zu ſkizziren. Es wird nöthig ſein, zuerſt eine Analyſe

1205 2616 942 40 ſeiner einzelnen Romane zu geben, um nachher zu einem

1197 2659 698 36 überſichtlichen Geſammtreſultat zu gelangen

1308 2703 837 40 Friedrich Spielhagen, der 1829 in Magdeburg ge⸗

1202 2749 942 41 borene Sohn eines preußiſchen Regierungsrathes, ſollte

1209 2793 936 39 zuerſt in die juriſtiſche Carriere eintreten, ging aber, nach⸗

1196 2839 942 39 dem er die Jurisprudenz an den Nagel gehängt und einige

1200 2881 948 39 Zeit als Gymnaſiallehrer vegetirt hatte, zur Feuilletoniſtik

1199 2927 936 38 über, aus der er ſich bald als ſebſtändig ſchaffender Roman⸗

1206 2970 945 39 dichter herauszuarbeiten verſtand. Spielhagen lenkte, nach⸗

1205 3015 930 37 dem er ſeit 1857 in den beiden Novellen ‚Clara Vere’,

1196 3059 952 41 ‚Auf der Düne’, ſowie durch die Ueberſetzung von
