2365 3351
1133 123 68 112 138

176 263 961 37 Gröne, V., die Papſt⸗Geſchichte. 2. Aufl. 2 Bde. gr. 8. Regens⸗

243 303 881 34 burg. Manz. 13. 20

161 339 967 31 Martin, K., Katechismus des römiſch katholiſchen Kirchenrechts.

239 373 877 38 gr. 8. Münſter. Aſchendorff. 2. —

167 409 958 33 Neumann, P., das Leben unseres Herrn und Heilandes Jesu

242 445 873 33 Christi des Sohnes Gottes. 1. Bd. gr. 8. Prag. Urbanek.

1049 481 72 30 5. 60

170 517 963 32 Patrum, sanctorum, opusc. sel. Ed. H. Hurter. 29. Bd. 16.

245 552 876 34 Innsbruck. Wagner. 1. 44

165 586 951 36 Surius, Historiae seu vitae Sanctorum. Vol. II.: Februarius.

239 625 889 33 Turin. Loescher. 10. 80

437 687 411 31 Akatholiſche Theologie.

170 733 945 33 Ebrard, J. H. A., Apologetik. Wiſſenſchaftl. Rechtfertigung des

236 769 885 33 Chriſtenthums. 2. Theil. gr. 8. Gütersloh. Bertelsmann.

1049 805 72 30 9. —

161 840 957 34 Lange, J. P., theologiſch⸗homiletiſches Bibelwerk des Neuen

242 876 880 33 Teſt. Theil 8.: Der Brief Pauli an die Galater von O.

233 912 879 34 Schmoller. 3. Aufl. gr. 8. Bielefeld. Velhagen u. Kla⸗

234 945 884 39 ſing. 1. 60

252 982 873 33 — — Theil 9b.: Die Briefe an die Eph., Kol., Phil. von

233 1015 892 36 K. Braune. 2. Aufl. gr. 8. Ebendaſ. 2. 80

173 1054 951 35 Scharling, C. H., Humanität u. Chriſtenthum in ihrer geſchichtl.

239 1086 868 37 Entwicklung. 2. Bd. gr. 8. Gütersloh. Bertelsmann. 8. —

161 1125 961 36 Vilmar, A. F. C., Dogmatik. Akademiſche Vorleſungen. Hrsg.

239 1160 896 35 von K. W. Piderit. 2. Thl. gr. 8. Ebendaſ. 6. —

161 1197 958 34 Wolff, O., altteſtam. Studien u. Kritiken. 2. Bd. gr. 8. Bres⸗

228 1233 887 34 lau. Dülfer. 4. 40

528 1273 228 36 Philoſophie.

167 1323 961 33 Ginsberg. H., die Ethik des Spinoza im Urtexte gr. 8.

239 1356 877 34 Leipzig. Koschny. 2. —

167 1393 957 33 Grimm, E., Arnold Geulinx’ Erkenntnisstheorie und Occasio-

240 1426 879 36 nalismus. gr. 8. Jena. Dufft. 1. 50

171 1462 942 36 Mill, J. St., über Religion. Natur. Die Nützlichkeit der Reli⸗

246 1501 876 33 gion. Theismus. Deutſch von E. Lehmann. gr. 8 Ber⸗

237 1533 891 37 lin. F. Duncker. 5. —

165 1572 953 34 Noiré, L., der moniſtiſche Gedanke. Eine Concordanz der Phi⸗

246 1609 876 33 loſophie Schopenhauer’s, Darwin’s, R. Mayer’s u. L. Gei⸗

242 1644 882 39 ger’s. gr. 8. Leipzig. Veit. 6. —

201 1680 914 36 — — Grundlegung einer zeitgemässen Philosophie gr. 8.

233 1717 889 33 Ebendas. 2. —

158 1750 958 33 Schulze, F., Kant und Darwin. Ein Beitrag zur Gesch. der

239 1780 887 36 Entwicklungslehre. gr. 8. Jena. Dufft. 4. —

164 1821 958 33 Spielmann, A., die Aechtheit des platonischen Dialogs Char-

236 1857 880 31 mides mit Beziehung auf die ‚platonische Frage’ u. mit

234 1893 882 31 bes. Rücksicht auf Schaarschmidt’s Antithese untersucht.

239 1929 882 33 gr. 8. Innsbruck. Wagner. 1. 60

156 1965 962 34 Zeller, E., die Philosophie der Griechen in ihrer geschichtl.

236 2002 877 32 Entwicklung dargestellt. 2. Thl. 1. Abth. 2. Hälfte. 3. Aufl.

236 2037 888 37 gr. 8. Leipzig. Fues 5. —

554 2083 183 33 Pädagogik.

158 2131 954 33 Peterſen, J. F., Anſchauungs⸗ u. Denkübungen nach dem Leben.

234 2166 889 33 3. u. 4. Heft. gr. 8. Halle. Waiſenhaus. à 1. —

155 2203 960 33 Waitz, Th., allgem. Pädagogik u. kleinere pädagog. Schriften.

236 2239 889 32 2. Aufl. Hrsg. v. O. Willmann. 1. Lfg. gr. 8. Braun⸗

236 2275 886 35 schweig. Vieweg. 3. 60.

485 2332 334 38 Naturwiſſenſchaft.

240 2379 879 37 Agaſſiz, L., der Schöpfungsplan. Vorleſungen über die natürl.

242 2415 880 36 Grundlagen der Verwandtſchaft unter den Thieren. Ueberſ.

227 2452 900 36 von C. G. Giebel. gr. 8. Leipzig. Quandt u. Händel.

1049 2488 69 30 3. 60

159 2521 960 38 Bronn’s, H. G., Klassen und Ordnungen des Thierreiches

227 2559 883 34 Fortges. von C. G. Giebel. 6. Bd. 5. Abth. Mammalia.

233 2595 883 36 8. Lfg. gr. 8. Leipzig. Winter. 1. 50

161 2629 955 36 Dammer, O., kurzes chem. Handwörterbuch. 13. Lfg. gr. 8.

240 2665 879 36 Berlin. Oppenheim. 1. 20

168 2700 957 37 Darwin, Ch., die Abstammung des Menschen u. die geschlechtl.

233 2737 888 36 Zuchtwahl. Aus dem Englischen von V. Carus. 2 Bde.

243 2773 867 36 3. gänzlich umgearb. Aufl. gr. 8. Stuttg. Schweizerbart.

1038 2808 69 31 18. —

164 2842 952 36 Hallier, E., die Weltanschauung eines Naturforschers. gr. 8.

240 2877 882 34 Jena. Dufft. 4. —

171 2916 951 34 Hellmuth’s, J. H., Elementar⸗Naturlehre. 18. Aufl. 1. Hälfte.

239 2950 862 36 gr. 8. Braunſchw. Vieweg. 3. —

165 2986 950 36 Koch, K., Vorlesungen über Dendrologie. gr. 8. Stuttgart.

233 3022 882 33 Enke. 8. 80

159 3057 956 40 Kopp. H., Ansichten über die Aufgabe der Chemie u. über

242 3094 876 36 die Grundbestandtheile der Körper bei den bedeutendsten

236 3132 888 36 Chemikern von Gerber bis G. E. Stahl. Die Entdeckung

1255 260 905 40 der Zusammensetzung des Wassers. gr. 8. Braunschweig.

1284 297 869 36 Vieweg. 12. —

1200 339 951 30 Kopp. H., Beiträge zur Gesch. der Chemie. 1., 2. u. 3. Stück.

1281 372 863 33 gr. 8. Ebendas. 30. —

1193 409 954 33 Lubbock, J., die Entſtehung der Civiliſation u. der Urzuſtand

1274 445 873 33 des Menſchengeſchlechts, erläutert durch das äußere und

1275 480 873 34 innere Leben der Wilden. gr. 8. Jena. Coſtenoble. 12. —

1202 516 954 34 Mayer, A., Lehrbuch der Agriculturchemie 2. Aufl. 1. Lfg.

1271 552 889 33 gr. 8. Heidelberg. Winter 2. —

1203 588 945 33 Müller, J., Grundriß der Phyſik und Meteorologie. Mathem.

1271 625 877 32 Supplementband. 3. Aufl. gr. 8. Braunſchweig. Vieweg.

2085 658 69 33 6. —

1218 694 935 35 — Auflöſung der Aufgaben des Grundriſſes der Phyſik u.

1281 732 869 31 Meteorologie, ſowie des dazu gehörigen Supplementbandes.

1265 765 888 36 3. Aufl. gr. 8. Ebendaſ. 1. 60

1197 801 956 34 Rammelsberg, C. F., Handbuch der Mineralchemie. 2. Aufl.

1268 835 843 35 I. Allg. Theil. gr. 8. Leipzig. Engelmann. 3. —

1206 873 938 36 Secchi, A., die Einheit der Naturkräfte. 1. Lfg. gr. 8. Leip-

1262 909 843 34 zig. Frohberg. 3. —

1193 946 952 33 Zängerle, M., Grundriss der Chemie. gr. 8. München. Gru-

1271 980 887 35 bert. 5. —

1242 1017 905 34 — Lehrbuch der Chemie. 2. Aufl. gr. 8. Ebendas 7. 20

1527 1096 315 33 Rechtswiſſenſchaft.

1200 1143 953 34 Ahrens, H., Cours de droit naturel on de philosophie du

1274 1179 883 34 droit. 7. ed. 2 Tom. gr. 8. Leipzig. Brockhaus. 10 M.

1986 1210 159 35 geb. 13. —

1205 1249 952 35 Bluntschli, J. C., Gesch. des schweizerischen Bundesrechts

1272 1285 885 33 von den ersten ewigen Bünden bis auf die Gegenwart.

1256 1320 889 36 1. Bd. 2. Aufl. gr. 8. Stuttg. Meyer u. Zeller. 15. —

1193 1357 963 33 Bluntſchli’s Staatswörterbuch, hrsg. v. Löning. 33. u. 34.

1283 1390 877 36 (Schluß⸗)Heft. gr. 8. Zürich. Schultheß. 2. 40

1202 1429 945 33 Ebert, L., die Armengeſetzgebung, die Freizügigkeit, ſowie die

1275 1464 872 34 Erwerbung u. der Verluſt der Reichs⸗ u. Staat angehörig⸗

1265 1501 880 32 keit im deutſchen Reiche. 2. Aufl. gr. 8. Breslau. Korn.

1271 1533 868 37 4 M. geb. 5. —

1193 1573 954 32 Gengler, G. H., Glossar zu den germ. Rechtsdenkmälern.

1262 1605 905 39 gr. 8. Erlangen. Deichert. 3. —

1200 1644 954 34 Hartmann, G., die Obligation. Untersuchungen über ihren

1266 1683 895 31 Zweck u. Bau. gr. 8. Ebendas. 5. —

1193 1716 949 34 Höinghaus, R., neue preuß. Vormundſchafts⸗Ordnung. gr. 8.

1263 1747 891 36 Berlin. Mecklenburg. 3. —

1190 1786 963 33 Koch, C. F., allgem. Landrecht für die preußiſchen Staaten.

1269 1822 876 33 5. Ausg. 2. Bd. 2. Hälfte. gr. 8. Berlin. Guttentag.

2082 1858 63 33 8. —

1202 1894 948 35 Meiſcheider, E., Beſitz u. Beſitzſchutz. Studien über alte Pro⸗

1262 1926 879 39 bleme. 1. Heft. gr. 8. Berlin. Vahlen. 4. —

1203 1965 941 34 Molle, die Lehre von den Aktien-Gesellschaften und den

1268 2002 873 35 Commandit-Gesellschaften auf Aktien. gr. 8. Ebendas.

2079 2037 53 34 4. —

1202 2073 942 37 Schmidt, J., Lehrbuch des preuß. Rechts u. Proceſſes mit Rück⸗

1275 2110 870 35 ſicht auf die Reichsgeſetzgebung, das gemeine Recht u. den

1283 2145 864 37 gemeinrechtlichen Prozeß. 5. Aufl. 4. u. 5. Lfg. gr. 8. Bres⸗

1259 2181 891 37 lau. Maruſchke u. Behrendt. à 3.—

1191 2217 954 34 Schwing, F., zur Lehre von der heredis institutio ex re certa.

1284 2249 881 40 gr. 8. Greifswald. Bamberg. 2. —

1202 2290 939 33 Steinitz, H., die preuß. Vormundſchafts⸗Ordnung von 1875.

1265 2323 889 36 I. Vormundſchafts⸗Ordnung. gr. 8. Berlin. Hempel. 3. —

1199 2361 946 33 Stobbe, O., Handbuch des Deutſchen Privatrechts. 2. Bd. 1.

1268 2398 874 33 Abth. Zweites Buch: Sachenrecht. Der Beſitz und das Im⸗

1266 2433 876 34 mobiliarſachenrecht. Berlin. Beſſer. 5. 25

1193 2470 958 33 Wißmann, Th., das Ehe⸗ u. Familienrecht in Preußen aus der

1265 2497 906 41 Geſetzgebung des neuen Deutſchen Reiches, dem preuß. Land⸗

1268 2542 880 32 recht, dem rhein. Geſetzbuche u. gemeinrechtl. Satzungen.

1265 2574 880 37 gr. 8. Berlin. Pfeiffer. 1. 50

1225 2607 928 39 — die preuß. Geſetzgebung über das Vormundſchaftsweſen

1262 2647 898 36 ſachlich erörtert. gr. 8. Ebendaſ. —. 75

1452 2731 417 33 Geſchichte. Biographie.

1187 2775 957 34 Assmann’s, W., Gesch. des Mittelalters von 395–1492. 2

1268 2812 876 33 umgearb. Aufl. von Dr. Ernst Meyer. 1. Abth. 1. Lfg.

1269 2848 888 33 gr. 8. Braunschw. Vieweg. 3. 60

1194 2883 954 36 Böhmer, J. F., Regesta imperii. VIII. Die Regesten des

1265 2919 877 36 Kaiserreichs unter Kaiser Karl IV. 1346–1378. Hrsg.

1278 2953 866 39 von AIf. Huber. 2. Lfg. gr. 8. Innsbruck. Wagner.

2076 2994 63 31 6. —

1190 3025 952 38 Briefwechſel zwiſchen Varnhagen u. Rahel. 5. u. 6. Bd. gr. 8

1262 3063 879 37 Leipzig. Brockhaus 12. —

1196 3097 957 38 Bunge, F. G. v., Livland, die Wiege der deutscher Weih-

1272 3135 828 36 bischöfe. gr. 8. Leipzig. Bidder. 3. —
