2387 3353
1143 91 69 151 127

189 277 941 39 Kranz der Braut. ‚Das bedeutet Glück’ rufen die Bauern,

185 324 955 36 und das Brautpaar flüſtert ſich zu: ‚Das war die Regen⸗

201 367 929 39 trude.’— Köſtlich iſt das Märlein vom ‚Hinzelmeier’,

189 412 951 39 welches der Dichter ſelbſt ‚eine nachdenkliche Geſchichte’ be⸗

186 454 950 42 namſet. Der Held der Geſchichte entſtammt einem von der

195 498 942 39 Vorſehung, bevorzugten Geſchlechte So oft der

192 549 939 36 Gens Hinzelmeierana ein neuer Sproß geſchenkt ward,

206 592 931 38 ſprang im ‚Roſengarten’ eine Roſenknoſpe, der als Hüterin

188 637 952 38 eine ſchöne Jungfrau beſtellt ward, welche ſie ſo lange be⸗

194 681 946 37 wachte, bis beide von dem herangereiften Sprößling geholt

198 726 939 39 wurden. Die Roſe aber hatte die Eigenſchaft, ihren Eigen⸗

189 771 951 37 thümer zeitlebens jung und ſchön zu erhalten; die Schwie⸗

192 817 948 36 rigkeit lag nur darin, die Roſenjungfrau zu finden. Unſer

186 862 951 35 Hinzelmeier nun hatte bei einem weiſen Meiſter in der

192 907 942 36 Lehre geſtanden, und beſchloß auf die Wanderung zu gehen,

189 952 954 36 um den Stein der Weiſen zu ſuchen, jedoch dabei das Ziel

191 999 958 33 aller Hinzelmeier, die Roſenjungfrau zu finden, nicht zu

183 1042 948 33 vergeſſen. Sein Lehrmeiſter gab ihm den Raben Krahirius

185 1087 961 35 mit, der über ihm fliegend ihn auf allen Wegen begleitete.

186 1134 960 33 Darin aber beſtand Hinzelmeiers Mißgeſchick; denn ſo oft

183 1179 954 31 er die Roſenjungfrau erblickte, ließ Krahirius eine Brille

186 1224 948 31 auf Hinzelmeiers Naſe herabfallen, welche im Nu die

188 1267 945 33 Scenerie veränderte und ihm in der Ferne den Stein der

191 1312 954 35 Weiſen vorgaukelte, worauf Hinzelmeier ſich ſtets bemüßigt

191 1359 945 31 fand, verjüngende Roſe und Jungfrau im Stiche zu laſſen

186 1402 945 33 und dem geſuchten Steine nachzujagen. In dieſer ‚nachdenk⸗

179 1446 967 34 lichen Geſchichte’, die hiermit Allen empfohlen iſt, denen

188 1491 955 33 auch im Leben die Brille des Krahirius auf die Naſe ge⸗

185 1534 948 35 fallen iſt, herrſcht ein recht glücklicher Humor. Weniger an⸗

185 1573 942 38 ſprechend ſind die Märchen Der Spiegel des Cypri⸗

183 1617 950 34 anus (Heiligenſtadt und Huſum, 1864, 1865) und Bu⸗

180 1662 957 33 lemanns Haus (Huſum, 1865), während der kleine

189 1708 948 32 Häwelmann (Huſum, 1849) den kindlichen Ton glücklich

180 1756 81 32 trifft.

296 1798 838 36 In den 1874 erſchienenen ‚Novellen und Gedenk⸗

177 1846 960 32 blättern’ führt uns das Gedenkblatt an ‚Lena Wies’, die

186 1888 960 38 alte Freundin und Rhapſodin ſeiner Jugendzeit ein an⸗

177 1930 969 38 muthiges Stück nordiſchen Lebens vor. Und dann — ja

183 1975 960 41 dann erzählte Lena Wies; und wie erzählte ſie! — Platt⸗

177 2019 969 42 deutſch, in gedämpftem Ton, mit einer andachtsvollen

186 2064 954 42 Feierlichkeit; und mochte es nun die Sage von dem geſpen⸗

186 2109 951 42 ſtigen Schimmelreiter sein, der bei Sturmfluthen Nachts

177 2152 963 42 auf den Deichen geſehen wird, und wenn ein Unglück be⸗

180 2197 954 41 vorſteht, mit ſeiner Mähre ſich in den Bruch hinabſtürzt,

180 2241 957 43 oder mochte es ein eigenes Erlebniß oder eine aus dem

189 2284 942 44 Wochenblatt oder ſonſtwie aufgeleſene Geſchichte sein, Alles

189 2329 939 45 erhielt in ihrem Munde ſein eigenthümliches Gepräge und

192 2373 945 46 ſtieg, wie aus geheimnißvoller Tiefe, leibhaftig vor den

189 2415 951 48 Hörern auf. Dazu tickte die Uhr und ſangen aus der Ofen⸗

183 2458 945 48 wand die Heimchen; mitunter an Herbſtabenden — und

195 2502 942 51 dann war es am allerſchönsten — rauſchten auch noch von

198 2547 942 49 ferne die Lindenbäume, die drüben, jenſeit der Gaſſe, hin⸗

182 2592 958 51 ter einer Gartenplanke ſtanden; — wie weit dahinter lag

189 2637 942 51 dann die ganze Alltagswelt! Später, als ich ſelbſt der⸗

1223 279 945 36 gleichen Dinge erſann und niederſchrieb, ſandte ich ihr

1223 322 936 36 wohl das eine oder andere Buch; und ſie hat dann lächelnd

1218 366 941 37 geäußert: ‚das hätte ich von ihr gelernt.’ Nicht minder rei⸗

1214 411 955 39 zend iſt die Erzählung ‚Beim Vetter Chriſtian’. Der Haus⸗

1226 457 942 36 drache und der Doctor, der vor lauter Gelehrſamkeit nicht

1214 501 951 37 auf den Gedanken kommt, daß, wenn man ein Mädchen

1214 547 957 38 liebt, es der einfachſte Weg iſt, ſie zu heiraten, und als

1230 591 939 37 ihm dann plötzlich ein Licht aufgeſteckt wird, meint, auf

1211 637 951 35 den Einfall hätte er auch wohl kommen können, ſind

1227 681 939 34 Prachtſtücke der Charakteriſtik. Welch drückende Atmo⸗

1221 724 954 36 ſphäre ruht dagegen auf der in dieſelbe Sammlung auf⸗

1223 768 660 40 genommenen Erzählung ‚Viola tricolor’!

1328 814 840 35 Als Lyriker nimmt Storm ebenfalls einen achtungs⸗

1230 861 936 34 werthen Platz in unſerer Literatur ein, und gerade ſeine

1220 903 948 36 friſchen, von aller Sentimentalität freien Lieder beweiſen,

1218 949 957 35 was er auch als Erzähler hätte leiſten können. Storm hat

1215 993 957 37 nämlich in der Schule der Lyrik zu Füßen der beſten Lehr⸗

1218 1039 954 36 meiſterin geſeſſen, welcher wir die tüchtigſten Schüler ver⸗

1218 1083 948 37 danken, zu Füßen der Volkspoeſie. Manche ſeiner Lieder

1221 1131 696 36 ſind dem Volksliede täuſchend nachgeahmt:

1472 1188 429 33 Einen Brief ſollt ich ſchreiben

1467 1225 432 33 Meinem Schatz in der Fern’,

1478 1261 304 32 Sie hat mich gebeten,

1473 1299 345 30 Sie hätt’s gar zu gern.

1479 1350 353 37 Als wir noch mitſammen

1473 1389 276 33 Uns luſtig gemacht,

1472 1423 324 33 Da haben wir nimmer

1467 1461 345 31 Ans Schreiben gedacht.

1464 1512 393 33 Was hilft mir nun Feder

1475 1546 337 33 Und Dint’ und Papier!

1466 1579 351 33 Du weißt, die Gedanken

1472 1612 304 35 Sind allzeit bei Dir.

1311 1669 861 33 Manche feine Beobachtung gelingt dem ſcharfen Auge

1208 1716 805 36 des Dichters, wie in dem Gedichte ‚Frauenhand’:

1391 1776 559 31 Ich weiß es wohl, kein klagend Wort

1386 1812 486 33 Wird über Deine Lippen gehen;

1401 1848 615 36 Doch, was ſo ſanft Dein Mund verſchweigt,

1398 1884 497 34 Muß Deine blaſſe Hand geſtehen.

1395 1935 555 33 Die Hand, an der mein Auge hängt,

1391 1971 580 33 Zeigt jenen feinen Zug der Schmerzen

1389 2004 500 34 And daß in ſchlummerloſer Nacht

1400 2038 504 36 Sie lag auf einem kranken Herzen.

1319 2103 846 37 Auch auf der ſchreibenden Hand des Dichters ent⸗

1211 2148 957 34 decken wir ‚jenen feinen Zug der Schmerzen’, und mögen

1217 2191 940 35 es die Leiden des von ſeinem Heimatlande getrennten

1220 2235 933 34 Schleswigers oder Kümmerniſſe anderer Art geweſen ſein,

1221 2277 939 37 der durch alle ſeine Schöpfungen durchtönende elegiſche

1212 2320 948 38 Klagelaut, das Inſichſelbſtvergrübelnde, das Sichſelbſtge⸗

1218 2365 942 38 nügen und kindlich Unentwickelte beweiſt, daß in Theodor

1211 2409 955 39 Storm ein reiches Talent in ſeiner Entfaltung iſt geſtört

1211 2452 954 39 worden und nicht zum Beſitz der vollen Männlichkeit ge⸗

1211 2497 951 41 langen konnte. Daß Storm’s Manier dauernd in die

1205 2542 960 38 deutſche Literatur übergehe, kann daher trotz aller Aner⸗

1205 2586 918 42 kennung ſeines reichen Talents unſer Wunſch nicht ſein.

1251 2632 875 39 Vierſen. Norrenberg.

831 2778 678 34 Recenſionen und Referate.

573 2854 180 42 Theologie.

192 2895 945 55 Sechs Bücher des Lebens Jeſu von Dr. Peter Schegg, erz⸗

273 2938 855 57 biſchöfl. geiſtl. Rath und o. ö. Prof. an der k. b. Uni⸗

276 2983 852 57 verſität München. 2 Bände. 8. Freiburg. Herder

284 3031 595 54 1874 und 1875. Preis: 8, 40 Mark.

302 3070 829 59 Als vor zwölf Jahren unter der Maske der Wiſſen⸗

188 3117 951 60 ſchaftlichkeit jenes ebenſo ruchloſe als leichtfertige Attentat

1205 2844 957 40 auf die Person und den Charakter des Gottmenſchen und

1217 2889 942 40 Welterlöſers gemacht und unter dem Titel eines ‚Lebens

1209 2932 956 42 Jeſu’ von Frankreich aus durch die antichriſtliche Secte

1218 2976 942 40 mit unerhörter Geſchäftigkeit nach allen Ländern hin ver⸗

1208 3021 960 40 breitet und auf das pomphafteſte angeprieſen wurde, da

1212 3064 945 41 erhob ſich voll Entrüſtung allenthalben die chriſtliche und

1209 3111 966 36 katholiſche Wiſſenſchaft, um die Erbärmlichkeit jenes blas⸗
