2365 3362
1173 73 48 150 78

578 261 213 34 Pädagogik.

209 298 940 33 Schwarz, B., Jakob Wimpheling, der Altvater des deutſchen

275 334 835 32 Schulweſens. gr. 8. Gotha. F. A Perthes. 3. —

197 370 955 33 Menzel, R., Wandtafeln für den physikal. Unterricht. 5. Lfg.

284 408 822 33 qu. Fol. Breslau. Morgenstern. 8 Mark. cplt. 18. —

521 459 330 33 Naturwiſſenſchaft.

204 502 948 35 Bronn’s Klassen u. Ordnungen des Thierrreichs, wissennsch.

275 540 879 34 dargest. in Wort u. Bild. 6. Bd. 5. Abth. Säugethiere.

278 574 871 41 Fortges. von C. G. Giebel. 6. u. 7. Lfg. gr. 8. Leipzig.

275 610 868 36 Winter. 1. 50

198 648 953 34 Dammer, O., kurzgefasstes chem. Handwörterbuch. 11. Lfg.

273 684 870 34 gr. 8. Berlin. Oppenheim. 1. 20.

197 718 948 38 Fittig, R., Grundriss der unorg. Chemie. 2. Aufl. gr. 8.

276 756 873 34 Leipzig. Duncker u. Humblot. 7. 20

197 790 958 36 Garcke, A., Flora von Nord- u. Mitteldeutschld. 12. Aufl.

263 829 886 33 8. Berlin. Wiegandt, Hempel u. Parey. 3. 50

198 864 945 36 Gorup-Besanez, E. F. v., Lehrbuch der physiolog. Chemie.

270 901 876 38 8. Aufl. 2. Lfg. (Schluss.) gr. 8. Braunschweig. Vieweg.

1058 937 48 33 15. —

204 970 939 38 Hallier, E., Deutschlands Flora. 9. Aufl. 96—100. Lfg. hoch 4.

263 1009 844 33 Leipz. Baensch. à 1. —

198 1044 944 34 Martini u. Chemnitz, systematisches Conchylien-Cabinet.

275 1080 871 36 Hrsg. v. H. C. Küster. 234. Lfg. gr. 4. Nürnberg.

266 1114 838 36 Bauer u. Raspe. 9. —

191 1152 967 33 Mohn, H., Grundzüge der Meteorologie. Die Lehre vom Wind

270 1188 834 34 und Wetter. gr. 8. Berlin. D. Reimer. geb. 6. —

195 1224 947 34 Ramann, G., die Schmetterlinge Deutschlands und der an-

269 1261 870 35 grenzenden Länder. 31. u. 32. Lfg. gr. 4. Berlin. Schotte.

1074 1302 75 31 2. 75

192 1332 959 34 Schorr, F., der Venusmond und die Untersuchungen über die

260 1366 880 36 früheren Beobachtungen dieses Mondes. gr. 8. Braun-

272 1402 832 36 schweig. Vieweg. 5. —

353 1453 646 35 Geſchichte. Biographie. Memoiren.

194 1494 958 33 Arneth, A. Ritter v., Maria Thereſia u, der ſiebenjährige Krieg.

257 1528 892 36 2 Bde. gr. 8. Wien. Braumüller ?. ?

192 1566 957 31 Aus den Papieren des Ministers u. Burggrafen von Marien-

269 1603 886 33 burg Theodor v. Schön. 1. Thl. gr. 8. Halle. Lippert.

1071 1641 18 30 10. —

201 1674 948 34 Busolt, G., der zweite athen. Bund und die auf der Auto-

264 1710 888 34 nomie beruhende hellen. Politik. gr. 8. Leipz. Teubner.

1086 1747 66 33 5. 60

192 1782 960 31 Doehler, E., das Zeitalter des Perikles. Nach M. E. Filleul

266 1818 832 31 deutſch bearb. 2. Bd. 8. Leipzig. Teubner. 6. —

191 1854 954 33 Führich, Joſ., Ritter v., Lebensſkizze. gr. 8. Wien. Sartori.

263 1888 883 36 1. 80 Mark, mit Photographie 2. 40

182 1926 967 31 Kühne, B., P. Gall Morell. Ein Mönchsleben aus dem 19.

260 1959 859 37 Jahrh. gr. 8. Einſiedeln. Benziger. 4. —

192 1998 951 34 Meyer’s, Bernh. Ritter v., Erlebniſſe. 2. Bd. Wien. Sartori.

794 2035 303 35 pr. 1. u. 2. Bd. 12. —

188 2071 952 33 Monumenta boica. Vol. 42. 4. München. Franz. (Comm.)

1079 2109 63 30 4. 60

203 2142 939 34 Quellen zur Gesch. der Stadt KöIn, 5. Bd. Herausg. v. Dr.

275 2178 822 34 Leonard Ennen. Köln. Du Mont-Schauberg. geb. 17. —

195 2215 944 36 Rauke’s, L. v., ſämmtliche Werke. 14. u. 15. Bd. gr. 8. Leip⸗

266 2251 840 36 zig. Duncker u. Humblot. à 5. —

201 2287 939 35 Salm⸗Salm, Prinzeſſin F. zu, zehn Jahre aus meinem Leben,

275 2322 832 37 1862–1872. 2. u. 3. Bd. 8. Stuttg. Hallberger. 9. —

194 2359 946 38 Urkundenbuch der Stadt Lübeck. 5. Thl. 1. Lfg. gr. 4

267 2397 834 33 Lübeck. Grautoff. 3. —

515 2448 319 33 Rechtswiſſenſchaft.

191 2485 942 36 Ergänzungen und Erläuterungen der preuß. Rechtsbücher durch

264 2520 875 40 Geſetzgebung u. Wiſſenſchaft. 6. Aufl. Neu bearb. von L.

282 2556 833 36 v. Rönne. 2. Bd. 7. Lfg. gr. 4. Berlin. Decker. 4. —

194 2590 951 39 Geſetzgebung, die, des deutſchen Reiches mit Erläuterungen.

267 2626 869 39 Hrsg. v. E. Bezold. 1. Th. Bürgerl. Recht. 1. Bd. 1.

275 2665 864 36 Heft. gr. 8. Erlangen. Palm u. Enke. 2. 80.

186 2701 954 35 Hoyer, die preuß. Stempelgeſetzgebung für die alten u. neuen

264 2736 882 39 Landestheile. 3. Aufl. 3. Lfg. gr. 8. Berlin. Guttentag.

1071 2773 33 36 4. —

192 2808 953 40 Koch, C. F., allg. Landrecht für die preuß. Staaten. 5. Ausg.

269 2844 850 37 3. Bb. 1. Hälfte. gr. 8. Berlin. Guttentag. 8. —

198 2880 944 36 Koller, A., allg. deutsches Handelsgesetzbuch. 2. Aufl. gr. 8.

275 2914 874 39 Berlin. Kortkampf. geb. 4. 20

198 2950 945 38 Meisner, J., Noch ein Wort in letzter Stunde über den Ent⸗

267 2986 882 39 wurf einer Civil⸗Proceß⸗Ordnung für das deutſche Reich.

266 3022 883 36 gr. 8. Ebend 2. 40

185 3060 963 37 Pfordten, L. Frhr. v. der, Studien zu Kaiſer Ludwigs ober⸗

263 3097 886 38 bayeriſchem Stadt⸗ und Landrechte. gr. 8. München. Kaiſer.

1074 3136 30 30 8. —

1224 255 938 31 Schmidt, J., Lehrbuch des preuß. Rechts und Proceſſes mit

1298 291 868 31 Rückſ. auf die Reichsgeſetzgebung, das gemeine Recht und

1301 327 862 33 den gemeinrechtlichen Proceß. 1. Bd. 1. Lfg. gr. 8. Bres⸗

1292 357 864 37 lau. Maruſchke u. Behrendt. 3. —

1223 397 949 33 Schmoller, G., über einige Grundfragen des Rechts und der

1305 432 864 34 Volkswirthschaft. gr. 8. Jena. Manke. 2. 40

1221 469 950 33 Schulze, W. N., die reichsrechtliche Literatur seit Entste-

1298 505 874 36 hung des norddeutschen Bundes 1867–1874. 8. Leipzig.

1299 540 870 34 Stauffer. cart. 1. 50

1221 579 957 33 Sicherer, H. v., über Eherecht und Ehegerichtsbarkeit in

1286 615 507 33 Bayern. gr. 8. München. Kaiser. 2. —

1440 703 531 33 Geographie. Reiſen. Karten.

1218 768 951 36 Delitzsch, O., Schulwandkarte des Königreiches Sachsen.

1287 802 879 38 6 Blatt. Chromolith. gr. Fol. Auf Leinw. mit Stäben.

2082 843 63 31 21. —

1211 877 952 33 Italien. Eine Wanderung von den Alpen bis zum Aetna. In

1292 913 882 33 Schilderungen von K. Stieler, E. Paulus, W. Ka⸗

1290 948 818 34 den. 11. und 12. Lfg. Fol. Stuttgart. Engelhorn. à 2. —

1215 985 948 33 Leeder, E., Wandkarte von Europa. 3. Aufl. 9 Blatt. Chromo⸗

1286 1023 889 33 lith. gr. Fol. Eſſen. Bädeker. 5 Mark, aufgezogen in Mappe

2091 1059 63 30 12. —

1217 1092 952 31 Letzte Reise David Livingstone’s in Central-Africa. Auf-

1290 1128 879 31 zeichnungen von 1865 bis zu seinem Tode im Febr. 1873.

1302 1162 873 33 1. Halbband. Hamburg. Hoffmann und Campe 5. —

1215 1201 956 33 Semper, Reiſen im Archipel der Philippinen. 2. Thl. Wiſſenſch.

1289 1237 886 33 Reſultate. 2. Bd. Malacologiſche Unterſuchungen von R.

1290 1272 882 34 Bergh. 8. Heft. gr. 4. Wiesbaden. Kreidel. 17. 40

1220 1309 943 33 Zittel, K. A., Briefe aus der libyſchen Wüſte. 8. München

1287 1345 879 36 Oldenbourg. 2. 40

1491 1416 408 31 Kunſt. Kunſtgeſchichte.

1217 1476 946 36 Bühlmann, die Architektur des elass. Alterthums und der

1295 1512 874 34 Renaissance. 2. Abth. 2. Heft. Thüren und Fenster. Fol.

1286 1546 847 36 Stuttg. Ebner u. Seubert. 6. —

1223 1587 937 33 Denkmäler der Kunst zur Uebersicht ihres Entwicklungs-

1290 1624 882 33 ganges. 3. Aufl. bearbeitet von W. Lübke und C. v.

1290 1662 873 31 Lützow. 5. —7. Lfg. qu. Fol. Stuttg. Ebner u. Seubert.

2073 1684 118 49 4. —

1211 1732 955 32 Köſtlin, H. A., Geſch. der Muſik im Umriß. gr. 8. Tübingen.

1286 1765 892 34 Laupp. 5. —

1212 1800 956 40 Overbeck, J., Atlas der griech. Kunstmythologie. 3. Lfg.

1292 1834 831 36 Poseidon. gr. Fol. In Mappe. Leipzig. Engelmann. 28. —

1221 1869 947 37 Overbeck, J., griech. Kunstmythologie. Besonderer Thl.

1278 1906 876 38 2. Bd. 2. Thl. 3. Buch. Poseidon. Lex. 8 11. —

1218 1944 951 36 Renaissance, italienische. 1. Ser. 1. Heft. (Das Kirchenk-

1287 1981 885 35 gestühl der Kirche San Severino in Neapel. Von A. W.

1290 2016 876 37 Cordes n. E. Giesenberg.) Fol. Leipzig. Seemann.

2094 2056 69 33 2. 25

1220 2089 940 36 Sammlung mittelalterl. Kunſtſchätze Hildesheims, nach den Ori⸗

1305 2124 857 37 ginalen photographirt von Bödeker. I. Serie. 12 Blatt.

1289 2160 885 37 Hildesheim. Lax. Cab.format 9 Mark, Viſitenkartenformat

2100 2200 63 30 4. 80

1218 2235 951 34 Thomas v. Kempen, 4 Bücher von der Nachfolge Chriſti.

1296 2268 876 37 Görres’ Ueberſetzung. Mit Orig⸗Zeichnungen von F. Rit⸗

1296 2305 873 36 ter v. Führich. 2. Aufl. gr. 4. Leipzig. Dürr. 20 Mark,

1289 2343 868 34 geb. in Leinw. 24 M., in Leder 30. —

1232 2376 936 37 Vie, la, de la Sainte Vierge Marie en vingt gravures sur

1289 2413 874 35 bois par Albert Durer. Nuremberg. Anno 1511. Dé-

1284 2449 875 35 crite en vers latins par Chelidonius. Réproduction, pro-

1287 2485 882 35 cédé de P. W. van de Weijer, avec une introduction

1284 2524 842 33 de Ch. Ruelens. Fol. Utrecht. v. d. Weijer. 18. —

1520 2604 343 34 Literaturgeſchichte.

1220 2668 946 35 Briefe von Goethe an Johanna Fahlmer. Hrsg. von L. Ur⸗

1302 2706 419 33 lichs. gr. 8. Leipzig. Hirzel. 4.—

1205 2740 955 35 Forſter, J., Charles Dickens’ Leben. In deutſcher Uebertra⸗

1293 2776 873 35 gung von F. Althaus. 3. Bd. 1850—70. gr. 8. Berlin.

1293 2812 881 33 Decker. 10. 50

1206 2848 965 36 Frieſen, H. Frhr. v., Will. Shakſpeare’s Dramen vom Beginn

1299 2884 825 35 ſeiner Laufbahn bis 1601. gr. 8. Wien. Braumüller. 8. —

1221 2920 950 36 Schiller’s Briefwechſel mit ſeiner Schweſter Chriſtophine und

1298 2959 867 36 ſeinem Schwager Reinwald, hrsg. v. Wend. Frhr. v.

1296 2992 874 38 Maltzan. gr. 8. Leipzig. Veit. 8. —

1211 3030 951 37 Stahr, A., Goethe’s Frauengeſtalten. 5. Aufl. 8. Verlin. Gut⸗

1287 3066 78 34 tentag. 6. —

1220 3103 948 38 Werder, K., Vorleſungen über Shakſpeare’s Hamlet. Berlin.

1274 3141 897 34 Hertz. 4. 60
