2387 3365
1137 0 48 149 99

174 183 965 49 daß er ſeit 1868 Vertreter der Univerſität Göttingen im Herren⸗

170 219 972 48 hauſe war, und ſich hier an den Debatten über die hannover’⸗

171 255 948 49 ſchen Provinzialfonds, die Dotationen etc. betheiligte. — Kaum

177 294 941 46 war die Leiche des berühmten Rechtslehrers zur Erde beſtattet,

171 326 966 49 als eine andere der Göttinger Celebritäten, Prof. Dr. Hein⸗

171 364 954 47 rich Ewald, die irdiſche Laufbahn beſchloß (4. Mai). Er war

174 398 966 47 am 16. Nov. 1803 zu Göttingen als Sohn armer Eltern ge⸗

173 435 945 46 boren. Sein eminentes Talent, verbunden mit eiſernem Fleiße,

177 471 942 45 half ihm raſch über die Vorſtufen ſeiner wiſſenſchaftlichen Lauf⸗

173 505 952 47 bahn hinweg. Im zwanzigſten Lebensjahre wurde er Lehrer in

183 541 939 45 Wolfenbüttel, 1824 Repetent bei der theolog. Facultät in Göt⸗

174 577 945 45 tingen, 1827 außerordentlicher, 1831 ordentlicher Profeſſor in

179 613 952 45 der philoſophiſchen Facultät, betheiligte ſich am 17. Nov. 1837

174 649 954 45 an dem bekannten Proteſt der Göttinger Sieben (außer ihm

176 685 952 44 Albrecht, Dahlmann, Gervinus, Jac. Grimm, Wilh. Grimm,

186 721 936 45 Wilh. Weber) gegen die Aufhebung des Hannover’ſchen Staats⸗

179 756 955 46 grundgeſetzes, wurde durch Cabinetsbefehl des Königs Ernſt

189 793 942 42 Auguſt ſeines Amtes entſetzt, begab ſich zunächſt nach England,

186 828 948 45 und fand im folgenden Jahre (1838) einen neuen Wirkungskreis

183 865 954 42 an der Univerſität Tübingen, wo er zuerſt in die philoſophiſche,

185 900 943 42 dann 1841 in die theologiſche Facultät eintrat. Zehn Jahre

186 936 945 42 vertrat er in T. das doppelte Lehrfach der orientaliſchen Spra⸗

191 970 943 42 chen und Literaturen und der altteſtamentlichen Theologie vor

191 1006 937 42 einer bedeutenden Zahl begeiſterter Zuhörer. Der 1848 eintre⸗

195 1042 939 42 tende politiſche Umſchwung führte für E. die erwünſchte Gelegen⸗

201 1078 933 42 heit herbei, in ſeine alte Göttinger Stelle zurückzukehren. Das

188 1114 958 42 Jahr 1866 aber, welches das Königreich Hannover von der

183 1150 954 41 Karte ſtrich, brachte ihm einen neuen Conflict. Der früher ab⸗

183 1186 954 42 geſetzte und gemaßregelte Profeſſor war es, welcher für die alte

201 1222 942 41 Dynaſtie eintrat, den vom neuen Landesherrn geforderten Hul⸗

198 1260 951 39 digungseid verweigerte, alle Verſuche ſeiner Freunde, ihn zu

201 1293 954 40 ihrer Auffaſſung des Eides zu bekehren, zurückwies und gegen

192 1330 954 38 die Annexionspolitik in Wort und Schrift aufs ſtärkſte proteſtirte.

197 1363 949 41 Im Winterſemeſter 1867/68 wurde ihm die Fortſetzung der be⸗

195 1399 962 39 gonnenen Vorleſungen auf höheren Befehl unterſagt und ſeitdem

192 1434 954 40 iſt ſein Name aus den Lectionscatalogen verſchwunden. 1869

198 1468 951 42 erſchien ſeine Schrift: ‚Lob des Königs und des Volkes’ in 2

198 1504 954 39 Auflagen, welchen 1870 drei weitere Auflagen folgten; dieſe

201 1536 950 42 Schrift zog ihm von Seiten der Staatsanwaltſchaft die An⸗

189 1570 957 42 klage auf Majeſtätsbeleidigung zu, von welcher ihn aber das Göt⸗

1200 157 936 54 tinger Obergericht freiſprach. Seit 1869 war E. Vertreter der

1199 193 937 56 Hauptſtadt Hannover im Reichstage. Mit Proceſſen reich be⸗

1209 229 936 56 glückt, machte er auch noch als 70jähriger Greis die Bekannt⸗

1197 267 951 54 ſchaft des Gefängniſſes. Er iſt geſchieden; er hat den Ruf eines

1191 304 942 53 unbeugſamen und ſchroffen, aber auch eines überzeugungstreuen,

1205 339 927 54 ehrlichen und reinen Characters mit in’s Grab genommen. Als

1194 375 948 54 orientaliſcher Philolog war E. eine Größe erſten Ranges. Auf

1191 411 945 52 theologiſchem Gebiete war ſein Standpunkt der des Rationalis⸗

1197 445 951 54 mus; er hat ſich auch ſeit 1863 für die Gründung des ‚Prote⸗

1197 481 942 53 ſtantenvereins’ lebhaft intereſſirt und bemüht. Seine bibliſch⸗

1206 516 945 55 exegetiſchen Schriften characteriſiren ſich durch bodenloſen Sub⸗

1206 555 942 51 jectivismus, ſouveräne Verachtung fremder Leiſtungen und wun⸗

1200 588 944 54 derliche, dem Stoffe fern liegende Abſchweifungen. Die Haupt⸗

1194 625 963 53 werke Ewald’s ſind: Ausführliches Lehrbuch der hebräiſchen

1203 661 945 51 Sprache des alten Bundes, 8. Ausg. 1870; hebr. Sprachlehre

1203 697 936 51 für Anfänger, 4. Ausg. 1874; grammatica crit. linguae arab.,

1206 732 936 51 vol. prius 1821, posterius 1833; Geſchichte des Volkes Iſrael

1197 766 954 51 in 7 Bänden (bereits in 2. reſp. 3. Aufl. erſchienen) mit einem

1209 802 948 51 Anhange: Die Alterthümer des Volkes Iſrael, 1 Band, 3. Ausg.

1214 837 946 51 1864; die Dichter des alten Bundes (Pſalmen und Klagelieder

1211 873 948 54 2. Ausg. 1866, Salomoniſche Schriften, Job) erklärt, 4 Bde.;

1212 907 948 54 die Propheten des alten Bundes erklärt, 3 Bde., 2. Ausg. 1867

1202 945 960 51 u. 1868; die drei erſten Evangelien u. die Apoſtelgeſch. überſ.

1206 979 969 54 u. erkl., 2 Bde., 2. Aufl. 1871 u. 72; die Sendſchreiben des Ap.

1206 1014 969 55 Paulus überſ. u. erkl., 1857; das Sendſchreiben an die He⸗

1217 1051 949 53 bräer und Jakobos’ Rundſchreiben überſetzt und erklärt, 1870;

1215 1089 953 51 die Johanneiſchen Schriften überſetzt und erkl., 2 Bde., 1862;

1223 1126 951 50 ſieben Sendſchreiben des neuen Bundes, überſetzt und erklärt,

1214 1162 961 48 1870; die Lehre der Bibel von Gott, oder Theologie des alten

1223 1197 954 51 und neuen Bundes, 1. Bd.: die Lehre vom Worte Gottes,

1215 1233 960 51 1871, 2. Bd.: die Glaubenslehre, 1874. Außerdem viele Ge⸗

1221 1270 960 50 legenheitsſchriften und Abhandlungen. Seit 1848 erſchienen ſeine

1226 1305 951 54 ‚Jahrbücher der bibliſchen Wiſſenſchaft’. — Engliſche Blätter

1221 1341 963 51 meldeten kürzlich den Tod des Africa⸗Reiſenden Winwood

1223 1377 960 51 Reade, Correſpondenten der Times im Aſchantikriege. Als

1224 1413 959 48 Schriftſteller iſt er bekannt durch ſeine Werke: Savage Africa,

1224 1449 956 48 The Martyrdom of Men und African Sketchbook; die beiden

1227 1485 954 49 letzten fanden von der einen Seite warme Bewunderer, von der

1221 1521 957 46 andern ſcharfen Tadel; Anerkennung wurde ihnen unter andern

1221 1563 618 37 von Darwin und ſeiner Schule zu Theil.

1064 1711 259 42 Büchertiſch.

351 1798 645 42 Encyclopädieen und Sammelwerke.

198 1843 957 42 Herder’s Converſationslex. 2. Aufl. 1. Heft. Lex. 8. Freiburg.

296 1879 850 43 Herder. —. 50

207 1915 948 44 Weech, F. v., badiſche Biographieen. 2. Lfg. gr. 8. Heidelberg.

269 1962 177 33 Baſſermann. 1. 80

477 2031 405 39 Katholiſche Theologie.

207 2073 956 49 Gerhohi Reichersb. op. hactenus inedita cur. F. Scheibel-

288 2109 825 48 berger. Tom. 1. pars 2. gr. 8. Linz. Quirein. 4. —

216 2146 945 51 Hefele, C. J., v., Conciliengeſch. 3. Bd. 2. Aufl. gr. 8. Freib.

297 2179 870 51 Herder 6. 60

207 2217 963 51 Jungmann, B., instit. Theologiae dogm. spic. Tractatus de

285 2251 872 48 Deo creatore. Ed. 3. gr. 8. Regensb. Pustet. 3. 60

207 2289 951 51 Laemmer, H., Meletematum romanorum mantissa. gr. 8. Re-

296 2326 823 45 gensburg. Manz. 10. —

225 2362 942 47 Werner, Dr. K., Beda der Ehrwürdige und seine Zeit, gr.

281 2394 900 49 8. Wien. Braumüller. 3. —

213 2434 960 47 Zschokke, H., das Buch Job. Uebersetzt und erkl. gr. 8.

291 2469 834 45 Ebendas. 7. —

495 2548 405 45 Akatholiſche Theologie.

219 2593 957 48 Harleß, C. G. A., v., chriſtl. Ethik. 7. Aufl. gr. 8. Gütersloh.

303 2629 831 50 Bertelsmann. 9. —

216 2665 954 51 Lindenmeyer, J., Geſch. Jeſu nach der h. Schrift. 1. Hälfte.

302 2701 835 51 gr. 8. Baſel. Riehm. 3. —

225 2734 957 54 Rocholl, N., die Realpräſenz. Das Lehrſtück von der Gegenwart

303 2770 879 56 des Herrn bei den Seinen. gr. 8. Gütersloh. Bertelsmann.

1103 2806 82 33 7. 20.

606 2889 210 37 Philoſophie.

225 2932 951 57 Biedermann, G., die Naturphilosophie. gr. 8. Prag. Tempsky.

1106 2974 85 60 8. —

228 3001 948 59 Busolt, G., die Grundzüge der Erkenntnisstheorie und Me-

303 3040 638 59 taphysik Spinoza’s. gr. 8. Berlin. Mittler. 4. —

1221 1768 966 48 Dorner, zur Erinnerung an den 100jährigen Geburtstag von

1286 1801 892 50 F. W. v. Schelling. gr. 8. Gotha. Beſſer. 1. 80

1221 1840 954 47 Körner, F., Instinkt und freier Wille. Beiträge zur Thier-

1293 1878 836 43 und Menschenpsychologie. gr. 8. Leipzig. Scholtze. 5. —

1221 1911 959 51 Lange, F. A., Geschichte des Materialismus u. Kritik seiner

1296 1947 890 46 Bedeutg. in der Gegenw. 2. Aufl. 2. Buch. Gesch. des

1299 1981 876 48 Mat. seit Kant. 2. Hälfte. gr. 8. Iserlohn. Bädeker. 6. —

1221 2017 960 48 Tobias, W., Grenzen der Philosophie. Constatirt gegen

1308 2052 878 48 Riemann u. Helmholtz, vertheidigt gegen v. Hartmann

1293 2089 852 44 und Lasker. gr. 8. Berlin. Müller. 8. —

1551 2185 324 36 Naturwiſſenſchaft.

1236 2224 951 54 Carus, J. V, und C. E. A. Gerstaecker, Handbuch der

1302 2260 879 53 Zoologie. 1. Bd. 2. Hälfte. gr. 8. Leipzig. Engelmann.

2102 2292 78 32 12. —

1236 2332 960 54 Dammer, O., kurzes chem. Wörterbuch. 12. Lfg. gr. 8. Ber-

1308 2365 879 56 lin. Oppenheim. 1. 20

1238 2401 949 56 Dohrn, A., der Ursprung der Wirbelthiere und das Princip

1311 2436 887 55 des Functionenwechsels. gr. 8. Leipzig. Engelmann. 2. —

1242 2475 954 55 Handwörterbuch, neues. der Chemie. Bearb. u. redig. von

1323 2511 870 52 H. v. Fehling. 16. Lfg. gr. 8. Braunschw. Vieweg. 2. 40

1239 2548 954 56 Heppe, G., die chemischen Reactionen der wichtigsten anorgan.

1317 2583 888 55 u. organ. Stoffe. 13. (Schluss-) Lfg. gr. 8. Leipzig. Koll-

1319 2617 880 53 mann. 1. 20

1239 2656 963 56 Kuhl, J., die Anfänge des Menschengeschlechts und sein

1329 2692 624 48 einheitl. Ursprung. gr. 8. Bonn. Habicht. 4. —

1245 2727 954 54 Kurr, v., das Mineralreich. 2. Aufl. 2. Ausg. Fol. Eßlingen.

1328 2764 832 48 Schreiber. cart. 10. —

1245 2800 960 54 Schmidt, J. F. J., Studien über Erdbeben. gr. 8. Leipzig.

1317 2832 864 52 Scholtze. 15. —

1257 2869 945 56 Weismann, A. Studien zur Descendenztheorie. I. Ueber den

1317 2904 890 54 Saison-Dimorphismus der Schmetterlinge. gr. 8. Leipzig.

1320 2941 837 51 Engelmann. 4. —

1260 2973 947 60 Wigand, J. W. A., Flora v. Kurhessen u. Nassau. 2. Aufl.

1317 3009 890 55 8. Cassel. Kay. 4. 50 M. geb. 5. 50
