2375 3386
315 107 1832 302 Literariſche Rundſchau.

254 441 387 34 Erſcheint.am 15. eines jeden Mo⸗

242 477 420 37 nats. Der Abonnementspreis beträgt

321 513 249 36 3 Mark p. Semeſter.

968 441 513 49 Redigirt von Joſeph Köhler.

900 494 657 50 Verlag von Rudolf Barth in Aachen.

1053 554 356 47 Erſter Jahrgang.

1805 469 408 45 Inſerate werden mit 30 Pfennigen

1812 504 416 46 für, die 2ſpaltige Petitzeile oder deren

1920 543 195 40 Raum berechnet.

231 638 2004 74 Nr. 3 Ausgegeben am 15. März. 1875.

243 708 1976 70 Inhalt: Ueberſichten und allgemeine Charakteriſtiken: Rückblick auf die bellettriſtiſsche Production des Jahres 1874. Darwin und Häckel

348 741 1874 73 über die Abſtammung des Menſchen. — Recenſionen und Referate: Reinke, der Prophet Micha. Jungmann, tractatus de

347 781 1881 69 religione. Hefele, Conciliengeſchichte, 7. Band. Mill, three essays on religion. Werner, Zur Metaphyſik des Schönen.

341 816 1885 70 Schirrmacher, Entſtehung des Kurfürſtencollegiums. Wilmanns, Reorganiſation des Kurfürſtencollegiums durch Otto IV. und

344 853 1876 69 Innocenz III. Lefflad, Regeſten der Biſchöfe von Eichſtätt. Baumſtark, Philipp II. Kerner, Papſt Alexander III. Morris,

344 888 1873 69 Bedrängniſſe der kath. Kirche in England. Glaubrecht, Agnes von Böhmen. Düntzer, Frau v. Stein. Gödeke, Goethe’s Leben

345 924 1875 73 und Schriften. v. Schack. Nächte des Orients. — Kritiſche Stimmen aus anderen Zeitſchriften. — Nachrichten. — Büchertiſch.

654 1046 1155 58 Ueberſichten und allgemeine Charakteriſtiken.

309 1130 800 50 Rückblick auf die bellettriſtiſche Production

549 1190 321 37 des Jahres 1874.

338 1245 843 57 Es war kein fruchtbares Jahr, das vergangene. Ich

225 1289 959 56 denke dabei nicht an die Zahl der Neuſchöpfungen, da ja die

224 1335 969 55 Leipziger Kataloge nach dieſer Seite hin einen namhaften

236 1380 951 55 Abgang nicht verrathen; ich denke an die Bedeutung und

228 1424 954 58 den Werth der Productionen. Magere Jahre müſſen ſich

234 1469 942 55 von den fetteren ernähren. Das vergangene Jahr hat uns

228 1515 944 52 denn auch mit neuen Auflagen reichlich verſorgt. Eigen⸗

234 1558 945 51 thümliche Gedanken — ich geſtehe es — über Geſchmack und

224 1600 957 54 Neigung unſeres Publicums drängen ſich auf, wenn man

222 1646 957 52 ſeine Vieblinge zuſammen ſtellt und ſieht, wie neben Uhland

224 1689 955 57 und Geibel nunmehr Bodenſtedt’s Mirza Schaffy es bis zur

237 1739 708 47 fünfzigſten Jubiläums⸗Ausgabe gebracht hat.

329 1785 843 49 Wenn ich mich zu den neuen Producten des J. 1874

219 1826 951 55 wende, ſo gebührt nach altem Gebrauch die Ehre des Vor⸗

218 1869 957 55 trittes den eigentlichen Brüdern in Apoll, den Lieder⸗

224 1914 945 55 dichtern, um ſo mehr, da ihnen bei ihrem erſten, ſei es

237 1962 935 51 ſchüchternen, ſei es ſelbſtbewußten und anſpruchsvollen Auf⸗

215 2007 963 52 treten ſelten die goldenen Gaben des Verlegers in Geſtalt

224 2050 943 53 von Honorar in den Schooß fallen. Alles nach der alten

224 2094 942 55 Regel, die ſchon der ehrliche Hugo v. Trimberg, der Dichter

225 2138 336 37 des Renners, kannte:

446 2191 480 45 Singen, sagen und seiten clanc

452 2224 444 45 üebent ir ampt gar âne danc.

330 2274 846 48 Früher verſuchten die jungen Lerchen ihre erſten

218 2316 951 52 Flüge in den alljährlich erſcheinenden Muſenalmanachen,

224 2360 945 53 darnach, als die Zeiten raſchlebiger wurden, in den illuſtrir⸗

221 2405 949 55 ten Wochenſchriften; die Muſenalmanache ſind entſchlafen,

218 2450 954 56 die illuſtrirten Unterhaltungsblätter verbitten ſich geradezu

218 2495 942 53 die Zuſendung von Gedichten. Statt der erſteren erhalten

222 2540 938 52 wir von Zeit zu Zeit ein Dichterbuch; diesmal eines von

219 2585 938 55 Max Kalbeck. Solche Sammlungen, meinte Höfer’s (jetzt

212 2631 949 52 entſchlafener) Literaturfreund, ‚ſind und bleiben, ohne daß

218 2678 945 52 auch der gewiſſenhafteſte Herausgeber dieſes abzuwehren

222 2724 941 54 im Stande iſt, die Sammelpunkte der Mittelmäßigkeit, ja

215 2767 942 51 die Armenhäuſer unſerer Poeſie; die Armen und kleinen

225 2813 935 52 ſind alle da und laſſen es ſich in ſo ungewohnter glänzender

212 2856 942 55 Umgebung außerordentlich wohl ſein; die Reichen machen

215 2903 939 53 nur einen Anſtandsbeſuch und ſpenden — nicht ſelten voll

218 2949 936 52 Mißmuth! — ein bischen verlegene oder abgelegene Waare.’

222 2994 926 51 Ein anderes Dichterbuch ſind die Dioskuren, ein litera⸗

222 3039 938 52 riſches Dichterbuch der öſterreichiſch⸗ungariſchen Monarchie.

207 3090 951 45 ‚In deinem Lager iſt Oesterreich.’ Daneben hat O. Blu⸗

210 3130 948 56 menthal den kühnen Gedanken zur Ausführung gebracht,

1257 1142 962 53 eine halbmonatlich erſcheinende Deutſche Dichterhalle

1266 1188 950 55 zu eröffnen (ſeit Oct. redigirt von Ernſt Eckſtein), die

1259 1233 952 52 vom gläubigen und moraliſchen Standpunkte aus das Ur⸗

1259 1279 949 56 theil der Verwerfung verdient, welches die Augsb. Poſtztg.,

1259 1324 954 51 allerdings mit ſtarkem Ungeſchick, gelegentlich darüber aus⸗

1257 1372 957 50 geſprochen hat. Ein Sängerkrieg eigenthümlicher Art ent⸗

1257 1414 950 56 faltet ſeine Banner in den beiden Sammlungen: Gegen

1257 1457 957 59 Rom hrsg. von Scherenberg, und Für Rom hrsg.

1259 1503 942 57 von L. v. Heemſtede. Wir leben einmal in aufgeregter

1251 1548 965 55 Zeit; aber trotzdem: nur ſelten, ſehr ſelten iſt die Zinne

1260 1590 941 58 der Partei ein geeigneter Standpunkt für das Banner der

1251 1631 950 62 Dichtkunſt. Wer zum Kampfe zuſammenbläſt, darf ja die

1250 1677 955 61 Auswahl unter den Kampfgenoſſen nicht zu ängſtlich treffen.

1358 1725 843 58 Unter den Herausgebern von Gedichtſammlungen be⸗

1251 1773 954 54 gegnen wir zunäch ſt alten Bekannten: Fr. Bodenſtedt er⸗

1245 1817 953 56 ſcheint mit einem neuen Liederbuch aus dem Nachlaſſe des

1257 1862 939 56 Mirza Schaffy und drängt zu der Frage, ob es gut gethan iſt,

1242 1904 960 58 den reichen Quell bis zum letzten Tropfen auszuſchöpfen;

1245 1952 963 55 Felix Dahn ließ ſeiner erſten Sammlung von Gedichten

1241 1995 952 54 eine zweite und dieſe in zwei Abtheilungen folgen; der Ge⸗

1250 2040 955 54 ſchichtſchreiber der gothiſchen und ſueviſchen Könige erſcheint

1241 2084 954 53 beſonders befähigt für Romanzen, Balladen und hiſtoriſche

1244 2128 949 53 Bilder. Nach dem Morgenlande weiſt A. F. v. Schack mit

1238 2172 957 52 den ‚Nächten des Orients’ hin; aber der Orient iſt nur

1244 2217 946 48 die Hülle, mit welcher der Dichter ſeine im Abendlande

1232 2260 954 47 ausgeſponnenen und gereiften Gedanken umgibt. A. Wil⸗

1241 2302 942 48 brandt der Dramatiker hat mit ſeinen Gedichten keine

1238 2346 945 51 neuen Lorbeeren errungen. Von neuauftretenden Dichtern

1242 2390 944 53 ſeien erwähnt M. Beilhack, der durch A. Träger einge⸗

1239 2435 956 55 führt wird, und K. Zettel, den H. Lingg unter ſeine

1241 2482 948 54 Flügel nimmt. In gläubigen Kreiſen ſuchen ihre Leſer:

1233 2526 959 55 Ludw. Grote, der auf ſeine ‚einſamen Lieder’ raſch ein

1241 2573 939 53 Bändchen Zeitgedichte unter dem richtig gefundenen Titel:

1244 2616 933 55 ‚Gegen den Strom’ folgen ließ; Ferd. Heitemeyer

1238 2663 939 52 (Gedichte), P. Sömer (Religiöſe Ged.), L. Lauffs

1235 2706 951 52 (Roſen und Lilien, ein Legendenkranz), J. P. Martin

1238 2753 942 50 (Mein Herz und ſeine Heimſuchungen), Ferdinande von

1235 2798 958 52 Brackel (Gedichte) und wohl auch Martin im Grund

1236 2843 624 52 (Diesſeits und jenſeits der Alpen). *)

1349 2940 838 52 *) In Gottſchall’s ‚Revue des Literaturjahres 1874’ wer⸗

1235 2976 964 57 den mehr als fünfzig (!) neue Gedichtſammlungen erwähnt,

1220 3012 996 49 darunter auch ‚Tropfen aus Mimer’, ‚das Paradies der Kron⸗

1226 3048 957 49 prinz Rudolfsbahn’, ‚weltſtürmende Dichterblitze für Selbſtmords⸗

1232 3084 943 51 candidaten’ (parodistisch). Wer zu den Leſern des Höfer’ſchen

1232 3120 939 49 ‚Literaturfreundes’ gehört hat, erinnert ſich dabei vielleicht fol⸗

1226 3157 952 53 gender pikanten Stelle: Als wir neulich einmal mit einem
