<?xml version="1.0" encoding="UTF-8"?>
<alto xmlns:xsi="http://www.w3.org/2001/XMLSchema-instance"
      xmlns="http://www.loc.gov/standards/alto/ns-v4#"
      xmlns:page="http://schema.primaresearch.org/PAGE/gts/pagecontent/2013-07-15"
      xsi:schemaLocation="http://www.loc.gov/standards/alto/ns-v4# https://www.loc.gov/standards/alto/v4/alto.xsd">
   <Description>
      <MeasurementUnit>pixel</MeasurementUnit>
      <OCRProcessing ID="IdOcr">
         <ocrProcessingStep>
            <processingDateTime>2021-07-15T07:48:59.92+02:00</processingDateTime>
            <processingSoftware>
               <softwareCreator>READ COOP</softwareCreator>
               <softwareName>Transkribus</softwareName>
            </processingSoftware>
         </ocrProcessingStep>
      </OCRProcessing>
   </Description>
   <Layout>
      <Page ID="Page1" PHYSICAL_IMG_NR="1" HEIGHT="3386" WIDTH="2375">
         <TopMargin HEIGHT="0" WIDTH="2375" VPOS="0" HPOS="0"/>
         <LeftMargin HEIGHT="3386" WIDTH="0" VPOS="0" HPOS="0"/>
         <RightMargin HEIGHT="3386" WIDTH="0" VPOS="0" HPOS="2375"/>
         <BottomMargin HEIGHT="0" WIDTH="2375" VPOS="3386" HPOS="0"/>
         <PrintSpace HEIGHT="3386" WIDTH="2375" VPOS="0" HPOS="0">
            <TextBlock ID="r1" HEIGHT="47" WIDTH="66" VPOS="132" HPOS="1142">
               <Shape>
                  <Polygon POINTS="1142,132 1208,132 1208,179 1142,179"/>
               </Shape>
               <TextLine ID="r1l1"
                         BASELINE="1152,165 1177,165 1203,165"
                         HEIGHT="30"
                         WIDTH="51"
                         VPOS="145"
                         HPOS="1152">
                  <String ID="string_r1l1"
                          HEIGHT="30"
                          WIDTH="51"
                          VPOS="145"
                          HPOS="1152"
                          CONTENT="35"/>
               </TextLine>
            </TextBlock>
            <TextBlock ID="r2" HEIGHT="285" WIDTH="1011" VPOS="231" HPOS="160">
               <Shape>
                  <Polygon POINTS="163,231 1171,231 1171,495 160,516"/>
               </Shape>
               <TextLine ID="r2l1"
                         BASELINE="193,280 250,281 299,281 349,281 398,281 448,279 497,279 546,278 596,278 645,276 695,275 744,274 794,273 843,272 892,270 942,270 991,270 1041,269 1090,269 1149,269"
                         HEIGHT="43"
                         WIDTH="972"
                         VPOS="248"
                         HPOS="186">
                  <String ID="string_r2l1"
                          HEIGHT="43"
                          WIDTH="972"
                          VPOS="248"
                          HPOS="186"
                          CONTENT="und Alterthumsvereine Deutſchlands und Redacteur des vom"/>
               </TextLine>
               <TextLine ID="r2l2"
                         BASELINE="192,314 237,316 274,317 311,317 348,316 384,315 421,315 458,315 495,315 532,314 568,314 605,312 642,312 679,311 716,311 752,309 789,309 826,308 863,307 900,306 915,308 940,306 965,305 990,305 1015,306 1040,306 1065,306 1090,306 1115,306 1150,308"
                         HEIGHT="42"
                         WIDTH="975"
                         VPOS="285"
                         HPOS="186">
                  <String ID="string_r2l2"
                          HEIGHT="42"
                          WIDTH="975"
                          VPOS="285"
                          HPOS="186"
                          CONTENT="Vereine herausgegebenen Correſpondenzblatts. Von ſeinen"/>
               </TextLine>
               <TextLine ID="r2l3"
                         BASELINE="201,353 248,353 295,353 342,351 389,351 437,351 484,350 531,349 578,348 625,347 673,347 720,345 767,345 814,344 861,344 909,342 956,342 1003,342 1050,341 1097,341 1145,341"
                         HEIGHT="42"
                         WIDTH="971"
                         VPOS="321"
                         HPOS="187">
                  <String ID="string_r2l3"
                          HEIGHT="42"
                          WIDTH="971"
                          VPOS="321"
                          HPOS="187"
                          CONTENT="ſchriftſtelleriſchen Leiſtungen ſei erwähnt ſeine Fortſetzung von"/>
               </TextLine>
               <TextLine ID="r2l4"
                         BASELINE="200,386 249,387 298,387 348,387 397,387 447,386 496,386 545,385 595,384 644,383 694,382 743,381 793,380 842,379 891,378 941,378 990,377 1040,377 1089,377 1150,376"
                         HEIGHT="41"
                         WIDTH="952"
                         VPOS="356"
                         HPOS="200">
                  <String ID="string_r2l4"
                          HEIGHT="41"
                          WIDTH="952"
                          VPOS="356"
                          HPOS="200"
                          CONTENT="Walther’s lit. Handbuch für Geſchichte und Landeskunde von"/>
               </TextLine>
               <TextLine ID="r2l5"
                         BASELINE="191,425 239,425 287,423 335,423 383,423 431,422 479,421 527,420 575,419 623,419 671,418 719,417 767,416 815,416 863,414 911,414 959,414 1007,413 1055,413 1103,413 1151,411"
                         HEIGHT="44"
                         WIDTH="960"
                         VPOS="391"
                         HPOS="191">
                  <String ID="string_r2l5"
                          HEIGHT="44"
                          WIDTH="960"
                          VPOS="391"
                          HPOS="191"
                          CONTENT="Heſſen (3. Suppl.) — An demſelben Tage verſchied der Erlan⸗"/>
               </TextLine>
               <TextLine ID="r2l6"
                         BASELINE="197,461 244,461 291,459 338,459 385,458 432,458 479,456 526,456 573,455 620,455 667,454 714,453 761,453 808,452 855,452 902,450 949,450 996,450 1043,449 1090,449 1152,447"
                         HEIGHT="42"
                         WIDTH="964"
                         VPOS="429"
                         HPOS="197">
                  <String ID="string_r2l6"
                          HEIGHT="42"
                          WIDTH="964"
                          VPOS="429"
                          HPOS="197"
                          CONTENT="ger Prof. der Dogmatik Gottfried Thomaſins, ein enſchie⸗"/>
               </TextLine>
               <TextLine ID="r2l7"
                         BASELINE="189,498 222,498 256,497 289,497 323,495 357,495 390,495 424,495 458,495 491,495 525,495 558,494 592,494 626,494 659,494 693,492 727,492 760,491 794,489 898,492"
                         HEIGHT="41"
                         WIDTH="714"
                         VPOS="467"
                         HPOS="189">
                  <String ID="string_r2l7"
                          HEIGHT="41"
                          WIDTH="714"
                          VPOS="467"
                          HPOS="189"
                          CONTENT="dener Vertreter der ſpecifiſch luther. Lehre. —"/>
               </TextLine>
            </TextBlock>
            <TextBlock ID="r3" HEIGHT="285" WIDTH="1031" VPOS="231" HPOS="1188">
               <Shape>
                  <Polygon POINTS="1188,240 2219,231 2216,489 1197,516"/>
               </Shape>
               <TextLine ID="r3l1"
                         BASELINE="1562,276 1589,278 1616,279 1643,279 1670,279 1697,279 1724,279 1751,278 1778,278 1805,278 1832,279"
                         HEIGHT="33"
                         WIDTH="270"
                         VPOS="256"
                         HPOS="1562">
                  <String ID="string_r3l1"
                          HEIGHT="33"
                          WIDTH="270"
                          VPOS="256"
                          HPOS="1562"
                          CONTENT="Druckverſehen."/>
               </TextLine>
               <TextLine ID="r3l2"
                         BASELINE="1329,339 1371,338 1413,338 1455,336 1498,336 1540,336 1582,336 1625,335 1667,335 1709,335 1752,335 1794,335 1836,335 1878,335 1921,335 1963,335 2005,335 2048,333 2090,333 2132,332 2175,330"
                         HEIGHT="39"
                         WIDTH="846"
                         VPOS="310"
                         HPOS="1329">
                  <String ID="string_r3l2"
                          HEIGHT="39"
                          WIDTH="846"
                          VPOS="310"
                          HPOS="1329"
                          CONTENT="Im Proſpect iſt S. 2. Sp. 2. oben zu leſen: Dr. Katſch⸗"/>
               </TextLine>
               <TextLine ID="r3l3"
                         BASELINE="1205,377 1231,374 1257,374 1283,377 1326,378 1368,377 1410,374 1452,374 1494,372 1536,371 1578,371 1620,371 1662,371 1704,371 1747,371 1789,371 1831,371 1873,371 1915,371 1957,371 1999,371 2041,371 2083,369 2125,369 2168,368"
                         HEIGHT="40"
                         WIDTH="963"
                         VPOS="348"
                         HPOS="1205">
                  <String ID="string_r3l3"
                          HEIGHT="40"
                          WIDTH="963"
                          VPOS="348"
                          HPOS="1205"
                          CONTENT="thaler Prof. in Innsbruck — für Dogmatik. — In Nr. 1."/>
               </TextLine>
               <TextLine ID="r3l4"
                         BASELINE="1212,411 1241,411 1270,411 1299,411 1326,413 1368,411 1410,410 1453,408 1495,408 1538,407 1580,407 1622,407 1665,407 1707,407 1750,407 1792,407 1834,407 1877,407 1919,407 1962,407 2004,407 2046,406 2089,405 2131,405 2174,404"
                         HEIGHT="39"
                         WIDTH="962"
                         VPOS="384"
                         HPOS="1212">
                  <String ID="string_r3l4"
                          HEIGHT="39"
                          WIDTH="962"
                          VPOS="384"
                          HPOS="1212"
                          CONTENT="ist S. 4. Sp. 2. Z. 15 von oben zu leſen: Phylogenie"/>
               </TextLine>
               <TextLine ID="r3l5"
                         BASELINE="1208,449 1238,446 1256,447 1304,446 1352,446 1401,444 1449,444 1497,444 1546,444 1594,444 1642,444 1691,444 1739,444 1788,444 1836,444 1884,444 1933,444 1981,443 2029,443 2078,442 2126,441 2175,440"
                         HEIGHT="39"
                         WIDTH="967"
                         VPOS="420"
                         HPOS="1208">
                  <String ID="string_r3l5"
                          HEIGHT="39"
                          WIDTH="967"
                          VPOS="420"
                          HPOS="1208"
                          CONTENT="ſt. Phlylogenie. — S. 13. Sp. 2. Z. 25 von oben: Sohm"/>
               </TextLine>
               <TextLine ID="r3l6"
                         BASELINE="1206,486 1232,485 1258,483 1284,483 1310,484 1337,485"
                         HEIGHT="33"
                         WIDTH="131"
                         VPOS="463"
                         HPOS="1206">
                  <String ID="string_r3l6"
                          HEIGHT="33"
                          WIDTH="131"
                          VPOS="463"
                          HPOS="1206"
                          CONTENT="ſt. Sohn."/>
               </TextLine>
            </TextBlock>
            <TextBlock ID="r4" HEIGHT="78" WIDTH="305" VPOS="626" HPOS="1034">
               <Shape>
                  <Polygon POINTS="1034,626 1339,626 1339,704 1034,704"/>
               </Shape>
               <TextLine ID="r4l1"
                         BASELINE="1053,692 1080,693 1107,693 1134,693 1162,692 1189,692 1216,692 1244,692 1271,692 1298,692 1326,695"
                         HEIGHT="79"
                         WIDTH="293"
                         VPOS="626"
                         HPOS="1040">
                  <String ID="string_r4l1"
                          HEIGHT="79"
                          WIDTH="293"
                          VPOS="626"
                          HPOS="1040"
                          CONTENT="Büchertiſch."/>
               </TextLine>
            </TextBlock>
            <TextBlock ID="r5" HEIGHT="2447" WIDTH="1020" VPOS="745" HPOS="180">
               <Shape>
                  <Polygon POINTS="180,748 190,3192 1200,3181 1188,745"/>
               </Shape>
               <TextLine ID="r5l1"
                         BASELINE="389,785 417,785 446,785 474,785 503,784 531,783 560,782 588,782 617,780 645,780 674,779 703,778 731,777 760,777 788,776 817,776 845,776 874,776 902,776 931,776 960,777"
                         HEIGHT="39"
                         WIDTH="571"
                         VPOS="756"
                         HPOS="389">
                  <String ID="string_r5l1"
                          HEIGHT="39"
                          WIDTH="571"
                          VPOS="756"
                          HPOS="389"
                          CONTENT="Encyclopädien. Sammelwerke."/>
               </TextLine>
               <TextLine ID="r5l2"
                         BASELINE="204,831 251,831 298,831 345,831 393,830 440,830 487,829 534,828 582,827 629,826 676,825 723,824 771,824 818,822 865,822 912,822 960,821 1007,821 1054,822 1101,822 1167,830"
                         HEIGHT="40"
                         WIDTH="945"
                         VPOS="801"
                         HPOS="204">
                  <String ID="string_r5l2"
                          HEIGHT="40"
                          WIDTH="945"
                          VPOS="801"
                          HPOS="204"
                          CONTENT="Bibliothek, internationale wissenschaftl. 8. u. 9. Bd. (Das"/>
               </TextLine>
               <TextLine ID="r5l3"
                         BASELINE="272,866 308,866 344,867 380,867 416,867 452,867 488,866 525,865 561,864 597,863 633,861 669,861 705,860 741,858 778,858 814,857 850,857 886,857 922,857 958,858 995,860 1115,858 1151,858"
                         HEIGHT="40"
                         WIDTH="879"
                         VPOS="837"
                         HPOS="272">
                  <String ID="string_r5l3"
                          HEIGHT="40"
                          WIDTH="879"
                          VPOS="837"
                          HPOS="272"
                          CONTENT="Wesen des Lichts, von E. Lommel. 6 Mark. — Die"/>
               </TextLine>
               <TextLine ID="r5l4"
                         BASELINE="273,903 317,903 361,903 406,902 450,902 495,900 539,900 583,899 628,898 672,897 717,896 761,896 805,894 850,894 894,893 939,893 983,893 1027,893 1072,893 1116,893 1161,894"
                         HEIGHT="40"
                         WIDTH="888"
                         VPOS="873"
                         HPOS="273">
                  <String ID="string_r5l4"
                          HEIGHT="40"
                          WIDTH="888"
                          VPOS="873"
                          HPOS="273"
                          CONTENT="Erhaltung der Energie, das Grundgesetz der heut. Na-"/>
               </TextLine>
               <TextLine ID="r5l5"
                         BASELINE="272,939 316,939 360,939 404,939 449,938 493,938 537,937 582,936 626,936 670,935 715,935 759,933 803,933 847,932 892,932 936,932 980,930 1025,930 1069,930 1113,930 1158,930"
                         HEIGHT="39"
                         WIDTH="886"
                         VPOS="910"
                         HPOS="272">
                  <String ID="string_r5l5"
                          HEIGHT="39"
                          WIDTH="886"
                          VPOS="910"
                          HPOS="272"
                          CONTENT="turlehre, von B. Stewart. 4 Mark.) 8. Leipz. Brock-"/>
               </TextLine>
               <TextLine ID="r5l6"
                         BASELINE="279,974 306,975 333,977 1083,965 1116,966 1149,965"
                         HEIGHT="42"
                         WIDTH="870"
                         VPOS="945"
                         HPOS="279">
                  <String ID="string_r5l6"
                          HEIGHT="42"
                          WIDTH="870"
                          VPOS="945"
                          HPOS="279"
                          CONTENT="haus. 10 M."/>
               </TextLine>
               <TextLine ID="r5l7"
                         BASELINE="200,1013 247,1013 295,1013 343,1013 391,1011 439,1011 487,1010 535,1010 583,1008 631,1008 679,1007 726,1005 774,1005 822,1004 870,1004 918,1002 966,1002 1014,1002 1062,1001 1110,1001 1158,1002"
                         HEIGHT="42"
                         WIDTH="958"
                         VPOS="981"
                         HPOS="200">
                  <String ID="string_r5l7"
                          HEIGHT="42"
                          WIDTH="958"
                          VPOS="981"
                          HPOS="200"
                          CONTENT="Biographie, allg. deutſche, hrsg. v. R. Frhrn. v. Liliencron"/>
               </TextLine>
               <TextLine ID="r5l8"
                         BASELINE="270,1044 314,1046 358,1047 402,1047 446,1047 491,1047 535,1047 579,1046 623,1046 667,1046 712,1044 756,1044 800,1043 844,1041 888,1041 933,1040 977,1040 1021,1038 1065,1038 1109,1037 1154,1037"
                         HEIGHT="40"
                         WIDTH="884"
                         VPOS="1017"
                         HPOS="270">
                  <String ID="string_r5l8"
                          HEIGHT="40"
                          WIDTH="884"
                          VPOS="1017"
                          HPOS="270"
                          CONTENT="und F. X. Wegele. 1. Lfg. gr. 8. Leipz. Duncker und"/>
               </TextLine>
               <TextLine ID="line_1617263983797_519"
                         BASELINE="264,1086 292,1085 320,1083 348,1082 376,1082 405,1083 1032,1077 1062,1076 1092,1074 1122,1074 1161,1085"
                         HEIGHT="42"
                         WIDTH="888"
                         VPOS="1054"
                         HPOS="264">
                  <String ID="string_line_1617263983797_519"
                          HEIGHT="42"
                          WIDTH="888"
                          VPOS="1054"
                          HPOS="264"
                          CONTENT="Humblot. 2,40 M."/>
               </TextLine>
               <TextLine ID="r5l11"
                         BASELINE="474,1155 499,1155 525,1154 551,1152 577,1151 603,1150 629,1149 655,1148 681,1148 706,1147 732,1146 758,1146 784,1145 810,1145 836,1145 862,1145 888,1146"
                         HEIGHT="40"
                         WIDTH="414"
                         VPOS="1125"
                         HPOS="474">
                  <String ID="string_r5l11"
                          HEIGHT="40"
                          WIDTH="414"
                          VPOS="1125"
                          HPOS="474"
                          CONTENT="Katholiſche Theologie."/>
               </TextLine>
               <TextLine ID="r5l12"
                         BASELINE="198,1203 245,1203 292,1202 340,1200 387,1200 435,1199 482,1198 529,1197 577,1196 624,1196 672,1196 719,1194 766,1194 814,1194 861,1193 909,1193 956,1193 1003,1193 1051,1193 1098,1193 1163,1197"
                         HEIGHT="40"
                         WIDTH="948"
                         VPOS="1173"
                         HPOS="198">
                  <String ID="string_r5l12"
                          HEIGHT="40"
                          WIDTH="948"
                          VPOS="1173"
                          HPOS="198"
                          CONTENT="Arndt, A., Was iſt Wahrheit? Gründe, die mich bewogen ha⸗"/>
               </TextLine>
               <TextLine ID="r5l13"
                         BASELINE="273,1239 317,1239 361,1238 405,1238 449,1236 493,1236 537,1235 581,1234 625,1233 669,1233 713,1232 757,1232 801,1230 845,1230 889,1230 933,1230 977,1230 1021,1230 1065,1230 1109,1230 1154,1232"
                         HEIGHT="39"
                         WIDTH="881"
                         VPOS="1210"
                         HPOS="273">
                  <String ID="string_r5l13"
                          HEIGHT="39"
                          WIDTH="881"
                          VPOS="1210"
                          HPOS="273"
                          CONTENT="ben, zur kath. Kirche zurückzukehren. 8. Freiburg. Herder,"/>
               </TextLine>
               <TextLine ID="r5l14"
                         BASELINE="1044,1269 1071,1266 1098,1265 1125,1265 1172,1272"
                         HEIGHT="34"
                         WIDTH="108"
                         VPOS="1245"
                         HPOS="1044">
                  <String ID="string_r5l14"
                          HEIGHT="34"
                          WIDTH="108"
                          VPOS="1245"
                          HPOS="1044"
                          CONTENT="0,75 M."/>
               </TextLine>
               <TextLine ID="r5l15"
                         BASELINE="201,1310 248,1310 295,1308 343,1308 390,1308 437,1307 485,1307 532,1305 579,1305 627,1305 674,1304 721,1303 769,1302 816,1302 863,1302 911,1301 958,1301 1005,1302 1053,1302 1100,1302 1169,1308"
                         HEIGHT="39"
                         WIDTH="947"
                         VPOS="1281"
                         HPOS="201">
                  <String ID="string_r5l15"
                          HEIGHT="39"
                          WIDTH="947"
                          VPOS="1281"
                          HPOS="201"
                          CONTENT="Bibliothek der Kirchenväter, hrsg. von V. Thalhofer. 127."/>
               </TextLine>
               <TextLine ID="r5l16"
                         BASELINE="278,1343 317,1343 356,1343 395,1343 434,1343 474,1342 513,1341 552,1341 591,1340 630,1340 670,1338 709,1338 748,1337 787,1337 826,1337 866,1337 905,1337 944,1338 983,1338 1022,1340 1062,1341 1079,1338 1104,1337 1129,1339 1165,1345"
                         HEIGHT="36"
                         WIDTH="876"
                         VPOS="1317"
                         HPOS="278">
                  <String ID="string_r5l16"
                          HEIGHT="36"
                          WIDTH="876"
                          VPOS="1317"
                          HPOS="278"
                          CONTENT="128. Bdchn.: Gregor des Gr. ausgew. Schr., Fortſ."/>
               </TextLine>
               <TextLine ID="r5l17"
                         BASELINE="269,1379 308,1379 348,1380 387,1380 427,1380 467,1379 506,1379 546,1378 586,1377 625,1377 665,1376 705,1375 744,1374 784,1374 824,1373 863,1373 903,1373 943,1373 982,1374 1022,1375 1062,1377 1096,1384 1111,1383 1160,1382 1157,1380"
                         HEIGHT="37"
                         WIDTH="888"
                         VPOS="1353"
                         HPOS="269">
                  <String ID="string_r5l17"
                          HEIGHT="37"
                          WIDTH="888"
                          VPOS="1353"
                          HPOS="269"
                          CONTENT="129. 130. Bdchn.: Hieronymus’ ausgew. Schr., Fortſ."/>
               </TextLine>
               <TextLine ID="r5l18"
                         BASELINE="281,1415 324,1415 367,1415 410,1415 454,1415 497,1415 540,1415 583,1414 627,1413 670,1413 713,1412 756,1412 800,1410 843,1410 886,1410 929,1410 973,1410 1016,1410 1059,1410 1102,1412 1160,1418"
                         HEIGHT="35"
                         WIDTH="865"
                         VPOS="1390"
                         HPOS="281">
                  <String ID="string_r5l18"
                          HEIGHT="35"
                          WIDTH="865"
                          VPOS="1390"
                          HPOS="281"
                          CONTENT="131. 132. Bdchn.: Athanaſius’ ausgew. Schr., Fortſ."/>
               </TextLine>
               <TextLine ID="r5l19"
                         BASELINE="275,1449 300,1451 326,1452 352,1452 378,1452 404,1451 430,1451 456,1451 482,1451 508,1451 534,1451 560,1452 1008,1445 1036,1446 1065,1446 1094,1445 1123,1446 1169,1450"
                         HEIGHT="37"
                         WIDTH="877"
                         VPOS="1425"
                         HPOS="275">
                  <String ID="string_r5l19"
                          HEIGHT="37"
                          WIDTH="877"
                          VPOS="1425"
                          HPOS="275"
                          CONTENT="16. Kempten. Köſel. à 0,40 M."/>
               </TextLine>
               <TextLine ID="r5l20"
                         BASELINE="201,1487 248,1487 296,1488 343,1488 391,1488 438,1488 486,1488 533,1488 581,1487 628,1487 676,1487 724,1485 771,1485 819,1484 866,1484 914,1482 961,1482 1009,1482 1056,1482 1104,1482 1169,1488"
                         HEIGHT="36"
                         WIDTH="951"
                         VPOS="1462"
                         HPOS="201">
                  <String ID="string_r5l20"
                          HEIGHT="36"
                          WIDTH="951"
                          VPOS="1462"
                          HPOS="201"
                          CONTENT="Guéranger, P., das Kirchenjahr. 3. Lfg. 8. Mainz. Kirchheim."/>
               </TextLine>
               <TextLine ID="r5l21"
                         BASELINE="1031,1518 1074,1518 1100,1517 1125,1518 1165,1523"
                         HEIGHT="33"
                         WIDTH="102"
                         VPOS="1497"
                         HPOS="1049">
                  <String ID="string_r5l21"
                          HEIGHT="33"
                          WIDTH="102"
                          VPOS="1497"
                          HPOS="1049"
                          CONTENT="1,40 M."/>
               </TextLine>
               <TextLine ID="r5l22"
                         BASELINE="194,1562 241,1561 288,1560 336,1559 383,1559 431,1557 478,1557 526,1557 573,1557 621,1557 668,1557 715,1557 763,1557 810,1557 858,1557 905,1556 953,1556 1000,1556 1048,1554 1095,1553 1163,1563"
                         HEIGHT="41"
                         WIDTH="949"
                         VPOS="1531"
                         HPOS="194">
                  <String ID="string_r5l22"
                          HEIGHT="41"
                          WIDTH="949"
                          VPOS="1531"
                          HPOS="194"
                          CONTENT="Heinrich, J. B., Dogmatiſche Theologie. 1. Bd. 3. (Schluß)"/>
               </TextLine>
               <TextLine ID="r5l23"
                         BASELINE="278,1595 303,1595 328,1593 354,1593 379,1593 404,1593 430,1593 455,1593 480,1593 506,1593 531,1593 556,1592 582,1592 607,1592 632,1592 658,1591 683,1590 708,1590 734,1589 1086,1583 1117,1586 1163,1592"
                         HEIGHT="42"
                         WIDTH="871"
                         VPOS="1563"
                         HPOS="278">
                  <String ID="string_r5l23"
                          HEIGHT="42"
                          WIDTH="871"
                          VPOS="1563"
                          HPOS="278"
                          CONTENT="Abth. gr. 8. Mainz. Kirchheim. 3 M."/>
               </TextLine>
               <TextLine ID="r5l24"
                         BASELINE="206,1625 253,1626 300,1626 347,1626 395,1626 442,1626 489,1626 536,1626 584,1625 631,1625 678,1625 725,1623 773,1623 820,1623 867,1622 914,1622 962,1620 1009,1620 1056,1620 1103,1620 1169,1627"
                         HEIGHT="37"
                         WIDTH="945"
                         VPOS="1599"
                         HPOS="206">
                  <String ID="string_r5l24"
                          HEIGHT="37"
                          WIDTH="945"
                          VPOS="1599"
                          HPOS="206"
                          CONTENT="Newman, J. H., a letter addressed to His Grace the Duke"/>
               </TextLine>
               <TextLine ID="r5l25"
                         BASELINE="269,1661 313,1661 357,1659 402,1659 446,1659 491,1659 535,1658 579,1658 624,1658 668,1658 713,1658 757,1658 801,1658 846,1658 890,1658 935,1656 979,1656 1023,1655 1068,1655 1112,1653 1157,1653"
                         HEIGHT="38"
                         WIDTH="888"
                         VPOS="1633"
                         HPOS="269">
                  <String ID="string_r5l25"
                          HEIGHT="38"
                          WIDTH="888"
                          VPOS="1633"
                          HPOS="269"
                          CONTENT="of Norfolk on occasion of Mr. Gladstone’s recent expostu-"/>
               </TextLine>
               <TextLine ID="r5l26"
                         BASELINE="269,1697 294,1697 320,1697 345,1697 371,1697 397,1697 422,1697 448,1695 473,1695 499,1695 525,1694 550,1694 576,1694 602,1695 1089,1688 1122,1691 1155,1691"
                         HEIGHT="39"
                         WIDTH="886"
                         VPOS="1668"
                         HPOS="269">
                  <String ID="string_r5l26"
                          HEIGHT="39"
                          WIDTH="886"
                          VPOS="1668"
                          HPOS="269"
                          CONTENT="lation. London. Dulau. 3 M."/>
               </TextLine>
               <TextLine ID="r5l27"
                         BASELINE="204,1737 251,1737 298,1736 346,1736 393,1735 440,1734 488,1734 535,1733 582,1733 630,1733 677,1731 724,1731 772,1731 819,1730 866,1730 914,1730 961,1730 1008,1730 1056,1730 1103,1730 1174,1736"
                         HEIGHT="37"
                         WIDTH="947"
                         VPOS="1710"
                         HPOS="204">
                  <String ID="string_r5l27"
                          HEIGHT="37"
                          WIDTH="947"
                          VPOS="1710"
                          HPOS="204"
                          CONTENT="Roth, L. M., Die Zeit des letzten Abendmahles. Ein Beitrag"/>
               </TextLine>
               <TextLine ID="r5l28"
                         BASELINE="266,1772 299,1772 333,1773 367,1773 401,1773 435,1773 469,1773 503,1773 537,1773 571,1772 605,1772 638,1772 672,1772 706,1772 740,1772 774,1770 808,1770 842,1770 876,1769 910,1769 944,1769 1055,1770 1087,1768 1119,1766 1151,1770"
                         HEIGHT="291"
                         WIDTH="898"
                         VPOS="1492"
                         HPOS="253">
                  <String ID="string_r5l28"
                          HEIGHT="291"
                          WIDTH="898"
                          VPOS="1492"
                          HPOS="253"
                          CONTENT="zur Evangelien-Harmonie. 8. Freib. Herder. 0,80 M."/>
               </TextLine>
               <TextLine ID="r5l29"
                         BASELINE="473,1856 498,1854 524,1853 550,1852 576,1851 602,1851 628,1850 654,1850 680,1850 705,1850 731,1850 757,1851 783,1851 809,1851 835,1851 861,1850 887,1850"
                         HEIGHT="36"
                         WIDTH="414"
                         VPOS="1830"
                         HPOS="473">
                  <String ID="string_r5l29"
                          HEIGHT="36"
                          WIDTH="414"
                          VPOS="1830"
                          HPOS="473"
                          CONTENT="Akatholiſche Theologie."/>
               </TextLine>
               <TextLine ID="r5l30"
                         BASELINE="195,1904 242,1902 290,1902 337,1902 385,1901 432,1901 480,1899 527,1899 575,1898 622,1898 670,1898 718,1896 765,1896 813,1896 860,1896 908,1896 955,1896 1003,1896 1050,1898 1098,1898 1166,1904"
                         HEIGHT="38"
                         WIDTH="951"
                         VPOS="1876"
                         HPOS="195">
                  <String ID="string_r5l30"
                          HEIGHT="38"
                          WIDTH="951"
                          VPOS="1876"
                          HPOS="195"
                          CONTENT="Keil, C. F., und F. Delitzch, bibl. Comm. über das A. T."/>
               </TextLine>
               <TextLine ID="r5l31"
                         BASELINE="267,1941 311,1940 356,1938 400,1937 445,1935 489,1935 534,1934 578,1934 623,1934 667,1932 712,1932 756,1932 801,1932 845,1932 890,1932 934,1932 979,1932 1023,1932 1068,1932 1112,1932 1157,1932"
                         HEIGHT="39"
                         WIDTH="890"
                         VPOS="1912"
                         HPOS="267">
                  <String ID="string_r5l31"
                          HEIGHT="39"
                          WIDTH="890"
                          VPOS="1912"
                          HPOS="267"
                          CONTENT="2. Thl. Prophet. Geschichtsbücher. 2. Bd. Die Bücher Sa-"/>
               </TextLine>
               <TextLine ID="r5l32"
                         BASELINE="278,1976 316,1974 354,1974 392,1974 431,1973 469,1973 507,1971 545,1971 584,1970 622,1970 660,1970 698,1968 737,1968 775,1968 813,1967 851,1967 890,1967 928,1967 966,1968 1004,1968 1043,1968 1083,1967 1112,1964 1134,1965 1170,1974"
                         HEIGHT="42"
                         WIDTH="874"
                         VPOS="1944"
                         HPOS="278">
                  <String ID="string_r5l32"
                          HEIGHT="42"
                          WIDTH="874"
                          VPOS="1944"
                          HPOS="278"
                          CONTENT="muelis. 8. Aufl. gr. 8. Leipz. Dörffling u. Franke. 7 M."/>
               </TextLine>
               <TextLine ID="r5l33"
                         BASELINE="197,2015 242,2013 287,2012 332,2010 377,2010 423,2009 468,2007 513,2006 558,2006 603,2004 649,2004 694,2003 739,2003 784,2003 829,2003 875,2004 920,2004 965,2004 1010,2006 1055,2007 1101,2009 1119,2004 1167,2015"
                         HEIGHT="42"
                         WIDTH="955"
                         VPOS="1983"
                         HPOS="197">
                  <String ID="string_r5l33"
                          HEIGHT="42"
                          WIDTH="955"
                          VPOS="1983"
                          HPOS="197"
                          CONTENT="Preger, W., Geſch. der deutſchen Myſtik im Mittelalter. 1. Bd."/>
               </TextLine>
               <TextLine ID="r5l34"
                         BASELINE="276,2049 302,2048 329,2048 355,2046 382,2046 408,2045 435,2045 461,2044 488,2043 514,2042 541,2042 567,2042 594,2040 620,2040 647,2040 674,2039 1080,2043 1095,2040 1119,2036 1166,2048"
                         HEIGHT="43"
                         WIDTH="876"
                         VPOS="2016"
                         HPOS="276">
                  <String ID="string_r5l34"
                          HEIGHT="43"
                          WIDTH="876"
                          VPOS="2016"
                          HPOS="276"
                          CONTENT="Leipz. Dörffling u. Franke. 9 M."/>
               </TextLine>
               <TextLine ID="r5l35"
                         BASELINE="204,2087 251,2085 299,2084 346,2082 394,2081 441,2079 489,2078 536,2078 584,2076 631,2076 679,2075 727,2075 774,2075 822,2075 869,2075 917,2075 964,2075 1012,2075 1059,2076 1107,2076 1155,2076"
                         HEIGHT="42"
                         WIDTH="951"
                         VPOS="2055"
                         HPOS="204">
                  <String ID="string_r5l35"
                          HEIGHT="42"
                          WIDTH="951"
                          VPOS="2055"
                          HPOS="204"
                          CONTENT="Rothe, R., Vorleſungen über Kirchengeſchichte und Geſch. des"/>
               </TextLine>
               <TextLine ID="r5l36"
                         BASELINE="279,2123 323,2119 367,2117 411,2114 455,2112 500,2112 544,2111 588,2111 632,2111 676,2111 721,2111 765,2111 809,2112 853,2112 897,2112 942,2112 986,2114 1030,2114 1074,2114 1118,2112 1163,2112"
                         HEIGHT="42"
                         WIDTH="884"
                         VPOS="2091"
                         HPOS="279">
                  <String ID="string_r5l36"
                          HEIGHT="42"
                          WIDTH="884"
                          VPOS="2091"
                          HPOS="279"
                          CONTENT="kirchl. Lebens, hrsg. v. Weingarten. 1. Thl. Die kath."/>
               </TextLine>
               <TextLine ID="r5l37"
                         BASELINE="278,2154 306,2154 335,2154 364,2153 392,2153 421,2151 450,2151 478,2150 507,2149 536,2148 565,2147 593,2147 622,2145 651,2145 679,2145 708,2145 737,2145 765,2145 794,2146 823,2147 852,2148 1095,2145 1123,2147 1173,2158"
                         HEIGHT="39"
                         WIDTH="874"
                         VPOS="2125"
                         HPOS="278">
                  <String ID="string_r5l37"
                          HEIGHT="39"
                          WIDTH="874"
                          VPOS="2125"
                          HPOS="278"
                          CONTENT="oder kirchl. Zeit. 8. Heidelberg. Mohr. 6 M."/>
               </TextLine>
               <TextLine ID="r5l38"
                         BASELINE="210,2196 235,2193 261,2195 279,2193 325,2190 371,2189 417,2186 464,2186 510,2184 556,2183 602,2183 649,2181 695,2181 741,2181 787,2181 834,2181 880,2181 926,2183 972,2183 1019,2183 1065,2183 1111,2184 1172,2195"
                         HEIGHT="45"
                         WIDTH="948"
                         VPOS="2161"
                         HPOS="210">
                  <String ID="string_r5l38"
                          HEIGHT="45"
                          WIDTH="948"
                          VPOS="2161"
                          HPOS="210"
                          CONTENT="Siegfried, C., Philo v. Alexandria als Ausleger des A. T."/>
               </TextLine>
               <TextLine ID="r5l39"
                         BASELINE="276,2226 314,2226 352,2225 390,2224 428,2223 467,2222 505,2222 543,2220 581,2220 619,2219 658,2219 696,2217 734,2217 772,2217 810,2217 849,2217 887,2218 925,2219 963,2219 1001,2220 1040,2222 1082,2222 1116,2219 1166,2228"
                         HEIGHT="40"
                         WIDTH="875"
                         VPOS="2196"
                         HPOS="276">
                  <String ID="string_r5l39"
                          HEIGHT="40"
                          WIDTH="875"
                          VPOS="2196"
                          HPOS="276"
                          CONTENT="Nebst Untersuchungen über die Graecität Philo’s gr. 8."/>
               </TextLine>
               <TextLine ID="r5l40"
                         BASELINE="278,2264 305,2265 332,2264 359,2262 386,2261 413,2261 441,2262 1101,2252 1132,2255 1164,2255"
                         HEIGHT="43"
                         WIDTH="886"
                         VPOS="2232"
                         HPOS="278">
                  <String ID="string_r5l40"
                          HEIGHT="43"
                          WIDTH="886"
                          VPOS="2232"
                          HPOS="278"
                          CONTENT="Jena. Dufft. 9 M."/>
               </TextLine>
               <TextLine ID="r5l41"
                         BASELINE="204,2306 251,2303 299,2301 347,2300 395,2297 443,2295 491,2294 538,2293 586,2292 634,2291 682,2291 730,2291 778,2289 826,2289 873,2289 921,2289 969,2291 1017,2291 1065,2292 1113,2294 1172,2298"
                         HEIGHT="47"
                         WIDTH="957"
                         VPOS="2269"
                         HPOS="204">
                  <String ID="string_r5l41"
                          HEIGHT="47"
                          WIDTH="957"
                          VPOS="2269"
                          HPOS="204"
                          CONTENT="Uhlhorn, G., Der Kampf des Chriſtenthums mit dem Heidenth."/>
               </TextLine>
               <TextLine ID="r5l42"
                         BASELINE="273,2340 307,2338 342,2337 377,2336 412,2334 447,2332 481,2331 516,2330 551,2328 586,2328 621,2327 655,2325 690,2325 725,2325 760,2325 795,2325 829,2325 864,2325 899,2327 934,2328 969,2328 1089,2324 1114,2325 1139,2325 1164,2327"
                         HEIGHT="46"
                         WIDTH="891"
                         VPOS="2304"
                         HPOS="273">
                  <String ID="string_r5l42"
                          HEIGHT="46"
                          WIDTH="891"
                          VPOS="2304"
                          HPOS="273"
                          CONTENT="2. durchgeſ. Aufl. 8. Stuttg. Meyer u. Zeller. 5 M."/>
               </TextLine>
               <TextLine ID="r5l43"
                         BASELINE="216,2373 258,2373 300,2372 342,2372 384,2370 426,2369 468,2368 511,2366 553,2366 595,2364 637,2363 679,2363 721,2361 763,2361 806,2361 848,2361 890,2361 932,2363 974,2363 1016,2366 1059,2367 1079,2361 1107,2363 1135,2361 1171,2372"
                         HEIGHT="42"
                         WIDTH="947"
                         VPOS="2341"
                         HPOS="216">
                  <String ID="string_r5l43"
                          HEIGHT="42"
                          WIDTH="947"
                          VPOS="2341"
                          HPOS="216"
                          CONTENT="Winer’s bibl. Realwörterb. 2 Bde. 3. Aufl. Leipzig. C. H."/>
               </TextLine>
               <TextLine ID="r5l44"
                         BASELINE="282,2412 310,2411 339,2409 367,2409 396,2408 424,2408 453,2409 1092,2399 1126,2399 1173,2402"
                         HEIGHT="43"
                         WIDTH="879"
                         VPOS="2379"
                         HPOS="282">
                  <String ID="string_r5l44"
                          HEIGHT="43"
                          WIDTH="879"
                          VPOS="2379"
                          HPOS="282"
                          CONTENT="Reclam sen. 15 M."/>
               </TextLine>
               <TextLine ID="r5l45"
                         BASELINE="582,2454 608,2457 635,2457 661,2457 688,2457 715,2457 741,2456 768,2456 795,2457"
                         HEIGHT="33"
                         WIDTH="213"
                         VPOS="2434"
                         HPOS="582">
                  <String ID="string_r5l45"
                          HEIGHT="33"
                          WIDTH="213"
                          VPOS="2434"
                          HPOS="582"
                          CONTENT="Philoſophie."/>
               </TextLine>
               <TextLine ID="r5l46"
                         BASELINE="201,2522 249,2520 297,2519 345,2517 393,2516 441,2514 489,2513 538,2511 586,2510 634,2510 682,2508 730,2507 778,2507 826,2506 875,2505 923,2505 971,2505 1019,2505 1067,2506 1115,2507 1164,2508"
                         HEIGHT="47"
                         WIDTH="963"
                         VPOS="2485"
                         HPOS="201">
                  <String ID="string_r5l46"
                          HEIGHT="47"
                          WIDTH="963"
                          VPOS="2485"
                          HPOS="201"
                          CONTENT="Harms, F. die Reform der Logik. 4. Berlin. Dümmler. 3 M."/>
               </TextLine>
               <TextLine ID="r5l47"
                         BASELINE="207,2558 254,2558 301,2556 349,2554 396,2553 444,2552 491,2549 538,2548 586,2547 633,2545 681,2544 728,2543 775,2541 823,2541 870,2540 918,2540 965,2540 1012,2540 1060,2540 1107,2541 1172,2547"
                         HEIGHT="48"
                         WIDTH="948"
                         VPOS="2520"
                         HPOS="207">
                  <String ID="string_r5l47"
                          HEIGHT="48"
                          WIDTH="948"
                          VPOS="2520"
                          HPOS="207"
                          CONTENT="Hartmann, E. v., krit. Grundlegung des transcendentalen"/>
               </TextLine>
               <TextLine ID="r5l48"
                         BASELINE="276,2591 322,2589 368,2589 414,2588 461,2586 507,2585 553,2583 599,2583 646,2582 692,2580 738,2579 784,2579 831,2577 877,2577 923,2577 969,2577 1016,2577 1062,2577 1108,2577 1178,2583"
                         HEIGHT="44"
                         WIDTH="879"
                         VPOS="2557"
                         HPOS="276">
                  <String ID="string_r5l48"
                          HEIGHT="44"
                          WIDTH="879"
                          VPOS="2557"
                          HPOS="276"
                          CONTENT="Realismus. 2. Aufl. von: ‚Das Ding an sich und seine"/>
               </TextLine>
               <TextLine ID="r5l49"
                         BASELINE="281,2624 312,2624 344,2625 376,2625 408,2625 440,2624 471,2623 503,2622 535,2621 567,2619 599,2618 630,2616 662,2615 694,2615 726,2613 758,2612 789,2612 821,2612 853,2613 885,2613 917,2615 1095,2612 1125,2612 1176,2625"
                         HEIGHT="43"
                         WIDTH="874"
                         VPOS="2592"
                         HPOS="281">
                  <String ID="string_r5l49"
                          HEIGHT="43"
                          WIDTH="874"
                          VPOS="2592"
                          HPOS="281"
                          CONTENT="Beschaffenheit’. gr. 8. Berlin, C. Duncker. 4 M.."/>
               </TextLine>
               <TextLine ID="r5l50"
                         BASELINE="225,2666 328,2663 372,2661 415,2660 459,2658 503,2657 546,2657 590,2655 634,2654 677,2652 721,2651 765,2650 808,2649 852,2648 896,2648 939,2648 983,2648 1027,2648 1070,2648 1114,2648 1176,2654"
                         HEIGHT="45"
                         WIDTH="873"
                         VPOS="2628"
                         HPOS="285">
                  <String ID="string_r5l50"
                          HEIGHT="45"
                          WIDTH="873"
                          VPOS="2628"
                          HPOS="285"
                          CONTENT="— Wahrheit u. Irrthum im Darwinismus. Eine krit. Dar-"/>
               </TextLine>
               <TextLine ID="r5l51"
                         BASELINE="279,2702 323,2700 367,2699 411,2697 455,2696 499,2694 543,2692 587,2690 631,2688 675,2688 720,2687 764,2685 808,2684 852,2684 896,2682 940,2682 984,2682 1028,2684 1072,2684 1116,2685 1178,2686"
                         HEIGHT="50"
                         WIDTH="882"
                         VPOS="2662"
                         HPOS="279">
                  <String ID="string_r5l51"
                          HEIGHT="50"
                          WIDTH="882"
                          VPOS="2662"
                          HPOS="279"
                          CONTENT="stellung der org. Entwickelungstheorie. gr. 8. Ebend. 4 M."/>
               </TextLine>
               <TextLine ID="r5l52"
                         BASELINE="206,2741 254,2739 302,2738 350,2736 398,2735 446,2733 494,2732 542,2730 590,2729 638,2727 686,2724 734,2723 782,2723 830,2721 878,2720 926,2720 974,2720 1022,2720 1070,2720 1118,2720 1180,2726"
                         HEIGHT="51"
                         WIDTH="961"
                         VPOS="2700"
                         HPOS="206">
                  <String ID="string_r5l52"
                          HEIGHT="51"
                          WIDTH="961"
                          VPOS="2700"
                          HPOS="206"
                          CONTENT="Fiſcher, K., Francis Bacon und ſeine Nachfolger. Entwicklungs⸗"/>
               </TextLine>
               <TextLine ID="r5l53"
                         BASELINE="282,2775 320,2774 359,2773 398,2772 436,2770 475,2769 514,2768 552,2766 591,2765 630,2763 669,2762 707,2760 746,2759 785,2759 823,2757 862,2757 901,2756 939,2756 978,2757 1017,2757 1056,2759 1082,2757 1110,2756 1138,2758 1185,2767"
                         HEIGHT="49"
                         WIDTH="884"
                         VPOS="2736"
                         HPOS="282">
                  <String ID="string_r5l53"
                          HEIGHT="49"
                          WIDTH="884"
                          VPOS="2736"
                          HPOS="282"
                          CONTENT="geſchichte der Erfahrungsphiloſophie. 2. Aufl. gr. 8. Leipz."/>
               </TextLine>
               <TextLine ID="r5l54"
                         BASELINE="284,2810 312,2810 340,2810 368,2808 396,2808 425,2807 1074,2793 1103,2790 1132,2792 1174,2795"
                         HEIGHT="50"
                         WIDTH="877"
                         VPOS="2770"
                         HPOS="284">
                  <String ID="string_r5l54"
                          HEIGHT="50"
                          WIDTH="877"
                          VPOS="2770"
                          HPOS="284"
                          CONTENT="Brockhaus. 15 M"/>
               </TextLine>
               <TextLine ID="r5l55"
                         BASELINE="209,2846 251,2847 294,2847 337,2846 380,2845 423,2844 465,2842 508,2840 551,2837 594,2835 637,2834 679,2831 722,2829 765,2828 808,2826 851,2826 893,2826 936,2826 979,2828 1022,2830 1065,2832 1100,2828 1128,2826 1175,2830"
                         HEIGHT="52"
                         WIDTH="948"
                         VPOS="2805"
                         HPOS="209">
                  <String ID="string_r5l55"
                          HEIGHT="52"
                          WIDTH="948"
                          VPOS="2805"
                          HPOS="209"
                          CONTENT="Leibniz, oeuvres, publiées par A. Foucher de Careil. Tome"/>
               </TextLine>
               <TextLine ID="r5l56"
                         BASELINE="279,2886 310,2885 341,2883 372,2882 403,2881 434,2879 465,2877 497,2876 528,2875 559,2873 590,2872 621,2870 652,2869 683,2867 715,2866 746,2865 777,2864 808,2863 839,2862 870,2861 902,2861 1109,2862 1137,2862 1184,2872"
                         HEIGHT="55"
                         WIDTH="887"
                         VPOS="2841"
                         HPOS="279">
                  <String ID="string_r5l56"
                          HEIGHT="55"
                          WIDTH="887"
                          VPOS="2841"
                          HPOS="279"
                          CONTENT="7. gr. 8. Paris. Didot Frères, Fils &amp; Co. 7 M."/>
               </TextLine>
               <TextLine ID="r5l57"
                         BASELINE="212,2918 252,2918 293,2919 333,2919 374,2918 414,2918 455,2916 495,2915 536,2913 576,2912 617,2910 658,2907 698,2906 739,2904 779,2903 820,2901 860,2901 901,2900 941,2900 982,2901 1023,2903 1049,2897 1076,2898 1103,2898 1130,2898 1176,2901"
                         HEIGHT="52"
                         WIDTH="945"
                         VPOS="2877"
                         HPOS="212">
                  <String ID="string_r5l57"
                          HEIGHT="52"
                          WIDTH="945"
                          VPOS="2877"
                          HPOS="212"
                          CONTENT="Pfleiderer, O., Friedrich Wilhelm Joſeph Schelling. Gedächt⸗"/>
               </TextLine>
               <TextLine ID="r5l58"
                         BASELINE="291,2957 316,2956 341,2955 367,2955 392,2955 417,2954 443,2953 468,2952 493,2951 519,2951 544,2949 569,2948 595,2947 620,2945 645,2943 671,2942 696,2941 722,2939 1091,2934 1124,2937 1175,2936"
                         HEIGHT="53"
                         WIDTH="866"
                         VPOS="2914"
                         HPOS="291">
                  <String ID="string_r5l58"
                          HEIGHT="53"
                          WIDTH="866"
                          VPOS="2914"
                          HPOS="291"
                          CONTENT="nißrede. gr. 8. Stuttg. Cotta. 2 M."/>
               </TextLine>
               <TextLine ID="r5l59"
                         BASELINE="213,2990 260,2991 307,2991 354,2991 402,2990 449,2989 496,2988 543,2985 591,2984 638,2981 685,2979 732,2978 780,2976 827,2973 874,2972 921,2970 969,2969 1016,2969 1063,2969 1110,2970 1175,2977"
                         HEIGHT="52"
                         WIDTH="945"
                         VPOS="2949"
                         HPOS="213">
                  <String ID="string_r5l59"
                          HEIGHT="52"
                          WIDTH="945"
                          VPOS="2949"
                          HPOS="213"
                          CONTENT="Werner, zur Metaphysik des Schönen. Lex. 8. Wien. Gerold’s"/>
               </TextLine>
               <TextLine ID="r5l60"
                         BASELINE="279,3026 306,3027 333,3027 360,3027 387,3026 414,3026 441,3026 468,3027 495,3029 1065,3009 1096,3009 1127,3009 1179,3012"
                         HEIGHT="50"
                         WIDTH="879"
                         VPOS="2989"
                         HPOS="279">
                  <String ID="string_r5l60"
                          HEIGHT="50"
                          WIDTH="879"
                          VPOS="2989"
                          HPOS="279"
                          CONTENT="Sohn (Comm.) 0,50 M."/>
               </TextLine>
               <TextLine ID="r5l61"
                         BASELINE="596,3080 621,3081 647,3081 672,3080 698,3079 723,3078 749,3077 774,3075 800,3074"
                         HEIGHT="37"
                         WIDTH="204"
                         VPOS="3054"
                         HPOS="596">
                  <String ID="string_r5l61"
                          HEIGHT="37"
                          WIDTH="204"
                          VPOS="3054"
                          HPOS="596"
                          CONTENT="Pädagogik."/>
               </TextLine>
               <TextLine ID="r5l62"
                         BASELINE="221,3137 262,3137 304,3137 346,3137 387,3135 429,3135 471,3134 512,3134 554,3132 596,3131 638,3129 679,3129 721,3128 763,3125 804,3125 846,3123 888,3121 929,3120 971,3117 1013,3117 1055,3116 1089,3120 1126,3114 1174,3119"
                         HEIGHT="54"
                         WIDTH="942"
                         VPOS="3093"
                         HPOS="221">
                  <String ID="string_r5l62"
                          HEIGHT="54"
                          WIDTH="942"
                          VPOS="3093"
                          HPOS="221"
                          CONTENT="Raumer, K. v., Geſch. der Pädagogik. 4. Aufl. 4. Bd. gr. 8."/>
               </TextLine>
               <TextLine ID="r5l63"
                         BASELINE="296,3173 321,3174 347,3174 373,3174 398,3173 424,3173 450,3172 476,3171 501,3170 527,3169 553,3168 578,3168 604,3167 630,3167 656,3167 1083,3152 1114,3149 1145,3152 1176,3152"
                         HEIGHT="55"
                         WIDTH="880"
                         VPOS="3129"
                         HPOS="296">
                  <String ID="string_r5l63"
                          HEIGHT="55"
                          WIDTH="880"
                          VPOS="3129"
                          HPOS="296"
                          CONTENT="Gütersloh. Bertelsmann. 6 M."/>
               </TextLine>
            </TextBlock>
            <TextBlock ID="r6" HEIGHT="2454" WIDTH="1013" VPOS="719" HPOS="1203">
               <Shape>
                  <Polygon POINTS="1203,733 2202,719 2216,3173 1209,3173"/>
               </Shape>
               <TextLine ID="r6l1"
                         BASELINE="1230,765 1277,764 1324,764 1371,762 1418,762 1465,761 1512,760 1559,759 1606,759 1653,758 1701,758 1748,756 1795,756 1842,756 1889,756 1936,756 1983,756 2030,756 2077,758 2124,758 2192,762"
                         HEIGHT="39"
                         WIDTH="942"
                         VPOS="736"
                         HPOS="1230">
                  <String ID="string_r6l1"
                          HEIGHT="39"
                          WIDTH="942"
                          VPOS="736"
                          HPOS="1230"
                          CONTENT="Menzel, R., Wandtafeln für d. physik. Unterricht. 4. Lfg. qu."/>
               </TextLine>
               <TextLine ID="r6l2"
                         BASELINE="1290,797 1315,798 1340,798 1365,798 1390,798 1415,798 1440,798 1465,797 1491,797 1516,795 1541,795 1566,795 1591,794 1616,794 1641,795 1666,795 1692,797 2118,792 2149,792 2181,789"
                         HEIGHT="39"
                         WIDTH="891"
                         VPOS="769"
                         HPOS="1290">
                  <String ID="string_r6l2"
                          HEIGHT="39"
                          WIDTH="891"
                          VPOS="769"
                          HPOS="1290"
                          CONTENT="Fol. Breslau. Morgenstern. 3 M."/>
               </TextLine>
               <TextLine ID="r6l3"
                         BASELINE="1226,836 1273,836 1320,836 1367,836 1415,834 1462,834 1509,834 1557,833 1604,831 1651,831 1699,830 1746,829 1793,828 1840,828 1888,827 1935,827 1982,827 2030,827 2077,828 2124,828 2172,830"
                         HEIGHT="39"
                         WIDTH="946"
                         VPOS="807"
                         HPOS="1226">
                  <String ID="string_r6l3"
                          HEIGHT="39"
                          WIDTH="946"
                          VPOS="807"
                          HPOS="1226"
                          CONTENT="Wandtafeln, naturgeſchichtliche. 1. Heft. 6 Tafeln. Wohnungen"/>
               </TextLine>
               <TextLine ID="r6l4"
                         BASELINE="1292,872 1317,872 1343,873 1369,873 1394,873 1420,873 1446,872 1471,872 1497,870 1523,870 1548,869 1574,869 1600,867 1625,867 1651,866 1677,866 1702,866 1728,866 1754,866 2109,863 2142,863 2175,863"
                         HEIGHT="40"
                         WIDTH="883"
                         VPOS="843"
                         HPOS="1292">
                  <String ID="string_r6l4"
                          HEIGHT="40"
                          WIDTH="883"
                          VPOS="843"
                          HPOS="1292"
                          CONTENT="der Thiere. Fol. Bonn. Henry. 3 M"/>
               </TextLine>
               <TextLine ID="r6l5"
                         BASELINE="1550,923 1576,921 1602,921 1628,920 1655,920 1681,918 1707,917 1733,917 1760,917 1786,915 1812,915 1838,915 1865,914"
                         HEIGHT="39"
                         WIDTH="315"
                         VPOS="894"
                         HPOS="1550">
                  <String ID="string_r6l5"
                          HEIGHT="39"
                          WIDTH="315"
                          VPOS="894"
                          HPOS="1550"
                          CONTENT="Naturwiſſenſchaft."/>
               </TextLine>
               <TextLine ID="r6l6"
                         BASELINE="1221,971 1268,971 1316,971 1363,970 1411,969 1458,969 1506,969 1553,969 1601,968 1648,968 1696,968 1743,966 1791,966 1838,965 1886,965 1933,963 1981,963 2028,962 2076,962 2123,960 2195,967"
                         HEIGHT="42"
                         WIDTH="950"
                         VPOS="939"
                         HPOS="1221">
                  <String ID="string_r6l6"
                          HEIGHT="42"
                          WIDTH="950"
                          VPOS="939"
                          HPOS="1221"
                          CONTENT="Altum, B., die Geweihbildung des Elchhirſches. gr. 8. Berlin."/>
               </TextLine>
               <TextLine ID="r6l7"
                         BASELINE="1270,1011 1327,1008 1352,1006 1377,1004 1402,1004 1428,1007 2069,995 2096,993 2123,994 2150,996 2188,999"
                         HEIGHT="45"
                         WIDTH="875"
                         VPOS="973"
                         HPOS="1302">
                  <String ID="string_r6l7"
                          HEIGHT="45"
                          WIDTH="875"
                          VPOS="973"
                          HPOS="1302"
                          CONTENT="Springer. 0,60 M."/>
               </TextLine>
               <TextLine ID="r6l8"
                         BASELINE="1234,1046 1338,1043 1376,1043 1414,1043 1452,1041 1490,1041 1528,1041 1565,1040 1603,1040 1641,1040 1679,1038 1717,1038 1755,1038 1793,1037 1830,1037 1868,1036 1906,1035 1944,1035 1982,1034 2020,1034 2058,1034 2097,1032 2133,1032 2182,1034"
                         HEIGHT="44"
                         WIDTH="868"
                         VPOS="1009"
                         HPOS="1301">
                  <String ID="string_r6l8"
                          HEIGHT="44"
                          WIDTH="868"
                          VPOS="1009"
                          HPOS="1301"
                          CONTENT="— und H. Landois, Lehrbuch der Zoologie. 3. Aufl gr. 8"/>
               </TextLine>
               <TextLine ID="r6l9"
                         BASELINE="1287,1080 1312,1079 1338,1077 1364,1077 1390,1077 1416,1079 1441,1079 1467,1079 1493,1077 1519,1076 1545,1074 2070,1067 2095,1068 2121,1067 2146,1067 2188,1068"
                         HEIGHT="43"
                         WIDTH="885"
                         VPOS="1047"
                         HPOS="1287">
                  <String ID="string_r6l9"
                          HEIGHT="43"
                          WIDTH="885"
                          VPOS="1047"
                          HPOS="1287"
                          CONTENT="Freiburg. Herder. 4,50 M."/>
               </TextLine>
               <TextLine ID="r6l10"
                         BASELINE="1220,1115 1267,1115 1315,1115 1363,1115 1411,1113 1458,1113 1506,1112 1554,1112 1602,1110 1649,1110 1697,1109 1745,1109 1793,1107 1840,1107 1888,1106 1936,1106 1984,1106 2031,1104 2079,1104 2127,1104 2188,1104"
                         HEIGHT="41"
                         WIDTH="955"
                         VPOS="1084"
                         HPOS="1220">
                  <String ID="string_r6l10"
                          HEIGHT="41"
                          WIDTH="955"
                          VPOS="1084"
                          HPOS="1220"
                          CONTENT="Classen. A, Grundriss der analyt. Chemie. Quantit. Analyse"/>
               </TextLine>
               <TextLine ID="r6l11"
                         BASELINE="1298,1151 1323,1151 1348,1151 1374,1149 1399,1149 1424,1149 1450,1149 1475,1149 1500,1149 1526,1149 1551,1149 1576,1148 1602,1148 1627,1148 1652,1146 1678,1146 1703,1146 1728,1145 1754,1143 2124,1140 2181,1147"
                         HEIGHT="41"
                         WIDTH="874"
                         VPOS="1120"
                         HPOS="1298">
                  <String ID="string_r6l11"
                          HEIGHT="41"
                          WIDTH="874"
                          VPOS="1120"
                          HPOS="1298"
                          CONTENT="in Beisp. gr. 8. Stuttg. Enke. 6 M."/>
               </TextLine>
               <TextLine ID="r6l12"
                         BASELINE="1215,1188 1262,1188 1310,1187 1358,1187 1406,1186 1454,1185 1502,1185 1549,1184 1597,1184 1645,1182 1693,1182 1741,1181 1789,1181 1837,1179 1884,1179 1932,1179 1980,1179 2028,1178 2076,1178 2124,1179 2191,1186"
                         HEIGHT="40"
                         WIDTH="957"
                         VPOS="1158"
                         HPOS="1215">
                  <String ID="string_r6l12"
                          HEIGHT="40"
                          WIDTH="957"
                          VPOS="1158"
                          HPOS="1215"
                          CONTENT="Dodel, Arn., die neuere Schöpfungsgeſchichte nach dem gegenw"/>
               </TextLine>
               <TextLine ID="r6l13"
                         BASELINE="1298,1220 1336,1220 1374,1221 1413,1221 1451,1221 1490,1221 1528,1220 1566,1220 1605,1219 1643,1218 1682,1218 1720,1217 1758,1217 1797,1215 1835,1215 1874,1215 1912,1215 1950,1215 1989,1215 2027,1215 2066,1217 2111,1212 2141,1213 2188,1220"
                         HEIGHT="39"
                         WIDTH="873"
                         VPOS="1192"
                         HPOS="1298">
                  <String ID="string_r6l13"
                          HEIGHT="39"
                          WIDTH="873"
                          VPOS="1192"
                          HPOS="1298"
                          CONTENT="Stande der Naturwiſſenſchaften. Mit 87 Abbildgn. u. e."/>
               </TextLine>
               <TextLine ID="r6l14"
                         BASELINE="1292,1259 1325,1259 1359,1259 1392,1259 1426,1258 1460,1257 1493,1257 1527,1257 1561,1256 1594,1255 1628,1254 1661,1254 1695,1253 1729,1253 1762,1251 1796,1251 1830,1251 1863,1251 1897,1251 1931,1251 2102,1248 2127,1249 2152,1248 2193,1254"
                         HEIGHT="41"
                         WIDTH="885"
                         VPOS="1228"
                         HPOS="1292">
                  <String ID="string_r6l14"
                          HEIGHT="41"
                          WIDTH="885"
                          VPOS="1228"
                          HPOS="1292"
                          CONTENT="Tafel in Holzſchn. gr. 8. Leipz. Brockhaus 12 M."/>
               </TextLine>
               <TextLine ID="r6l15"
                         BASELINE="1224,1293 1265,1293 1307,1293 1349,1293 1390,1293 1432,1292 1474,1292 1515,1291 1557,1290 1599,1290 1641,1289 1682,1289 1724,1287 1766,1287 1807,1287 1849,1286 1891,1286 1932,1286 1974,1286 2016,1287 2058,1287 2087,1284 2115,1287 2143,1286 2183,1294"
                         HEIGHT="39"
                         WIDTH="947"
                         VPOS="1264"
                         HPOS="1224">
                  <String ID="string_r6l15"
                          HEIGHT="39"
                          WIDTH="947"
                          VPOS="1264"
                          HPOS="1224"
                          CONTENT="Erlenmeyer, E., über den Einfluss des Fhrn. J. v. Liebig"/>
               </TextLine>
               <TextLine ID="r6l16"
                         BASELINE="1299,1329 1337,1329 1375,1329 1413,1328 1451,1328 1489,1328 1527,1328 1565,1328 1603,1328 1641,1327 1680,1326 1718,1326 1756,1326 1794,1326 1832,1325 1870,1325 1908,1325 1946,1325 1984,1323 2022,1323 2061,1323 2091,1323 2119,1323 2147,1323 2175,1323"
                         HEIGHT="36"
                         WIDTH="876"
                         VPOS="1303"
                         HPOS="1299">
                  <String ID="string_r6l16"
                          HEIGHT="36"
                          WIDTH="876"
                          VPOS="1303"
                          HPOS="1299"
                          CONTENT="auf die Entw. der reinen Chemie. gr. 8. München. Franz."/>
               </TextLine>
               <TextLine ID="r6l17"
                         BASELINE="1293,1373 1333,1364 1361,1364 1389,1367 2078,1356 2104,1359 2131,1358 2157,1358 2184,1361"
                         HEIGHT="41"
                         WIDTH="879"
                         VPOS="1336"
                         HPOS="1305">
                  <String ID="string_r6l17"
                          HEIGHT="41"
                          WIDTH="879"
                          VPOS="1336"
                          HPOS="1305"
                          CONTENT="(Comm.) 2.25 M."/>
               </TextLine>
               <TextLine ID="r6l18"
                         BASELINE="1227,1403 1274,1403 1322,1401 1370,1401 1418,1401 1466,1400 1513,1400 1561,1400 1609,1398 1657,1398 1705,1398 1752,1397 1800,1397 1848,1397 1896,1396 1944,1395 1991,1395 2039,1395 2087,1394 2135,1394 2183,1394"
                         HEIGHT="39"
                         WIDTH="956"
                         VPOS="1374"
                         HPOS="1227">
                  <String ID="string_r6l18"
                          HEIGHT="39"
                          WIDTH="956"
                          VPOS="1374"
                          HPOS="1227"
                          CONTENT="Linke, J. R., Atlas der Gistpflanzen. 3. Aufl. 1. Lfg hoch"/>
               </TextLine>
               <TextLine ID="r6l19"
                         BASELINE="1299,1439 1324,1438 1350,1437 1375,1437 1401,1436 1426,1436 1452,1436 1478,1435 1503,1434 1529,1434 1554,1434 1580,1434 1605,1433 1631,1433 1657,1433 1682,1433 1708,1433 1733,1433 1759,1434 1785,1434 2079,1434 2104,1431 2130,1428 2155,1428 2181,1431"
                         HEIGHT="41"
                         WIDTH="882"
                         VPOS="1408"
                         HPOS="1299">
                  <String ID="string_r6l19"
                          HEIGHT="41"
                          WIDTH="882"
                          VPOS="1408"
                          HPOS="1299"
                          CONTENT="4. Braunschw. Vieweg u. Sohn. 1,50 M."/>
               </TextLine>
               <TextLine ID="r6l20"
                         BASELINE="1220,1472 1259,1472 1299,1472 1338,1472 1378,1472 1418,1472 1457,1472 1497,1472 1537,1472 1576,1472 1616,1472 1656,1470 1695,1470 1735,1470 1775,1470 1814,1470 1854,1470 1894,1470 1933,1469 1973,1469 2013,1469 2031,1466 2057,1467 2084,1467 2110,1466 2137,1464 2163,1464 2190,1466"
                         HEIGHT="38"
                         WIDTH="970"
                         VPOS="1444"
                         HPOS="1220">
                  <String ID="string_r6l20"
                          HEIGHT="38"
                          WIDTH="970"
                          VPOS="1444"
                          HPOS="1220"
                          CONTENT="Suess, E., die Erdbeben des südl. Italiens. gr. 4. Wien. Ge-"/>
               </TextLine>
               <TextLine ID="r6l21"
                         BASELINE="1299,1508 1324,1509 1350,1509 1376,1509 1402,1509 1427,1508 1453,1508 1479,1507 1505,1506 1530,1506 1556,1506 1582,1507 1608,1508 2078,1503 2111,1502 2144,1502 2187,1505"
                         HEIGHT="37"
                         WIDTH="878"
                         VPOS="1482"
                         HPOS="1299">
                  <String ID="string_r6l21"
                          HEIGHT="37"
                          WIDTH="878"
                          VPOS="1482"
                          HPOS="1299"
                          CONTENT="rold’s Sohn. (Comm.) 4,80 M."/>
               </TextLine>
               <TextLine ID="r6l22"
                         BASELINE="1226,1544 1273,1544 1321,1545 1369,1545 1417,1545 1464,1545 1512,1545 1560,1545 1608,1544 1655,1544 1703,1544 1751,1542 1799,1542 1846,1541 1894,1541 1942,1541 1990,1539 2037,1539 2085,1539 2133,1539 2181,1539"
                         HEIGHT="36"
                         WIDTH="955"
                         VPOS="1519"
                         HPOS="1226">
                  <String ID="string_r6l22"
                          HEIGHT="36"
                          WIDTH="955"
                          VPOS="1519"
                          HPOS="1226"
                          CONTENT="Wilbrand, F., Leitf. für den method. Unterricht in der anorg."/>
               </TextLine>
               <TextLine ID="r6l23"
                         BASELINE="1293,1580 1321,1580 1350,1581 1378,1581 1407,1581 1435,1581 1464,1581 1492,1580 1521,1580 1549,1580 1578,1580 1606,1579 1635,1578 1663,1578 1692,1578 1720,1578 1749,1578 1777,1578 1806,1578 1834,1578 1863,1578 2064,1578 2093,1577 2122,1575 2151,1574 2181,1575"
                         HEIGHT="37"
                         WIDTH="888"
                         VPOS="1554"
                         HPOS="1293">
                  <String ID="string_r6l23"
                          HEIGHT="37"
                          WIDTH="888"
                          VPOS="1554"
                          HPOS="1293"
                          CONTENT="Chemie. 2. Aufl. gr. 8. Hildesh. Lax. 2,25 M."/>
               </TextLine>
               <TextLine ID="r6l24"
                         BASELINE="1373,1626 1406,1626 1439,1628 1472,1628 1505,1628 1538,1628 1571,1628 1604,1628 1637,1628 1670,1628 1703,1628 1736,1628 1769,1628 1802,1628 1835,1628 1868,1626 1901,1626 1934,1626 1967,1626 2000,1625 2034,1625"
                         HEIGHT="33"
                         WIDTH="661"
                         VPOS="1605"
                         HPOS="1373">
                  <String ID="string_r6l24"
                          HEIGHT="33"
                          WIDTH="661"
                          VPOS="1605"
                          HPOS="1373"
                          CONTENT="Geſchichte. Biographie. Memoiren."/>
               </TextLine>
               <TextLine ID="r6l25"
                         BASELINE="1214,1673 1262,1673 1311,1673 1360,1674 1409,1674 1458,1674 1507,1674 1556,1673 1605,1673 1654,1673 1703,1673 1751,1673 1800,1671 1849,1671 1898,1671 1947,1671 1996,1671 2045,1671 2094,1671 2143,1671 2192,1671"
                         HEIGHT="33"
                         WIDTH="978"
                         VPOS="1651"
                         HPOS="1214">
                  <String ID="string_r6l25"
                          HEIGHT="33"
                          WIDTH="978"
                          VPOS="1651"
                          HPOS="1214"
                          CONTENT="Baumſtark, N., Philipp II., König von Spanien. 8. Freiburg."/>
               </TextLine>
               <TextLine ID="r6l26"
                         BASELINE="1302,1709 1333,1709 1364,1709 1395,1709 2112,1706 2138,1706 2164,1706 2190,1709"
                         HEIGHT="33"
                         WIDTH="888"
                         VPOS="1686"
                         HPOS="1302">
                  <String ID="string_r6l26"
                          HEIGHT="33"
                          WIDTH="888"
                          VPOS="1686"
                          HPOS="1302"
                          CONTENT="Herder. 2 M."/>
               </TextLine>
               <TextLine ID="r6l27"
                         BASELINE="1227,1749 1274,1749 1322,1748 1370,1748 1418,1748 1466,1748 1513,1746 1561,1746 1609,1746 1657,1746 1705,1746 1752,1746 1800,1746 1848,1746 1896,1745 1944,1745 1991,1745 2039,1745 2087,1745 2135,1745 2191,1751"
                         HEIGHT="37"
                         WIDTH="968"
                         VPOS="1722"
                         HPOS="1227">
                  <String ID="string_r6l27"
                          HEIGHT="37"
                          WIDTH="968"
                          VPOS="1722"
                          HPOS="1227"
                          CONTENT="Forſchungen zur deutſchen Geſch. 15 Bd. 3. Hälfte. 1. Heft. gr."/>
               </TextLine>
               <TextLine ID="r6l28"
                         BASELINE="1292,1784 1317,1784 1343,1784 1369,1784 1395,1784 1421,1784 1447,1784 1472,1784 1498,1784 1524,1782 1550,1782 1576,1782 1602,1782 1628,1781 1898,1782 1923,1782 1948,1782 1974,1782 1999,1781 2024,1781 2050,1781 2075,1779 2100,1779 2126,1779 2151,1780 2188,1785"
                         HEIGHT="35"
                         WIDTH="885"
                         VPOS="1759"
                         HPOS="1292">
                  <String ID="string_r6l28"
                          HEIGHT="35"
                          WIDTH="885"
                          VPOS="1759"
                          HPOS="1292"
                          CONTENT="8. Göttingen. Dietrich. pro cplt. 10,50 M."/>
               </TextLine>
               <TextLine ID="r6l29"
                         BASELINE="1226,1823 1273,1823 1321,1821 1369,1820 1417,1820 1464,1820 1512,1818 1560,1818 1608,1818 1655,1818 1703,1817 1751,1817 1799,1817 1846,1817 1894,1817 1942,1817 1990,1817 2037,1817 2085,1817 2133,1817 2196,1821"
                         HEIGHT="40"
                         WIDTH="979"
                         VPOS="1793"
                         HPOS="1226">
                  <String ID="string_r6l29"
                          HEIGHT="40"
                          WIDTH="979"
                          VPOS="1793"
                          HPOS="1226"
                          CONTENT="Ficker, J., über die Entstehungszeit des Schwabenspiegels"/>
               </TextLine>
               <TextLine ID="r6l30"
                         BASELINE="1295,1857 1324,1857 1353,1857 1382,1857 1411,1857 1440,1856 1469,1856 1499,1856 1528,1856 1557,1854 1586,1854 1615,1854 1644,1854 1673,1853 1703,1853 1732,1853 1761,1853 1790,1853 1819,1854 1848,1854 1878,1856 2124,1854 2139,1854 2163,1854 2201,1860"
                         HEIGHT="34"
                         WIDTH="883"
                         VPOS="1833"
                         HPOS="1295">
                  <String ID="string_r6l30"
                          HEIGHT="34"
                          WIDTH="883"
                          VPOS="1833"
                          HPOS="1295"
                          CONTENT="Lex. 8. Wien. Gerold’s Sohn. (Comm.) 1 M."/>
               </TextLine>
               <TextLine ID="r6l31"
                         BASELINE="1224,1893 1271,1893 1319,1893 1367,1893 1414,1893 1462,1893 1510,1893 1557,1892 1605,1892 1653,1892 1701,1890 1748,1890 1796,1890 1844,1889 1891,1889 1939,1889 1987,1889 2034,1889 2082,1889 2130,1890 2191,1891"
                         HEIGHT="34"
                         WIDTH="954"
                         VPOS="1869"
                         HPOS="1224">
                  <String ID="string_r6l31"
                          HEIGHT="34"
                          WIDTH="954"
                          VPOS="1869"
                          HPOS="1224"
                          CONTENT="Gengler, H. G., german. Rechtsdenkmäler. Leges, Capitularia,"/>
               </TextLine>
               <TextLine ID="r6l32"
                         BASELINE="1305,1929 1351,1929 1397,1928 1443,1928 1490,1928 1536,1926 1582,1926 1628,1926 1675,1926 1721,1926 1767,1926 1813,1926 1860,1926 1906,1925 1952,1926 1998,1926 2045,1926 2091,1926 2137,1926 2184,1926"
                         HEIGHT="34"
                         WIDTH="879"
                         VPOS="1905"
                         HPOS="1305">
                  <String ID="string_r6l32"
                          HEIGHT="34"
                          WIDTH="879"
                          VPOS="1905"
                          HPOS="1305"
                          CONTENT="Formulae. In Auszügen und Proben mit Einleitg. und"/>
               </TextLine>
               <TextLine ID="r6l33"
                         BASELINE="1296,1965 1340,1965 1384,1964 1428,1964 1473,1964 1517,1964 1561,1964 1605,1964 1650,1964 1694,1964 1738,1964 1782,1964 1827,1964 1871,1964 1915,1964 1959,1964 2004,1963 2048,1962 2092,1961 2136,1961 2192,1964"
                         HEIGHT="40"
                         WIDTH="919"
                         VPOS="1935"
                         HPOS="1296">
                  <String ID="string_r6l33"
                          HEIGHT="40"
                          WIDTH="919"
                          VPOS="1935"
                          HPOS="1296"
                          CONTENT="ergänzenden Geschichtszeugnissen. gr. 8. Erlangen. Dei-"/>
               </TextLine>
               <TextLine ID="r6l34"
                         BASELINE="1295,2000 1326,2000 1358,2000 2114,1997 2145,1997 2194,2003"
                         HEIGHT="36"
                         WIDTH="882"
                         VPOS="1974"
                         HPOS="1295">
                  <String ID="string_r6l34"
                          HEIGHT="36"
                          WIDTH="882"
                          VPOS="1974"
                          HPOS="1295"
                          CONTENT="chert. 12 M."/>
               </TextLine>
               <TextLine ID="r6l35"
                         BASELINE="1227,2040 1274,2039 1321,2038 1369,2037 1416,2036 1464,2035 1511,2034 1558,2034 1606,2033 1653,2033 1701,2033 1748,2033 1795,2033 1843,2033 1890,2033 1938,2033 1985,2033 2032,2033 2080,2033 2127,2031 2193,2039"
                         HEIGHT="41"
                         WIDTH="977"
                         VPOS="2009"
                         HPOS="1227">
                  <String ID="string_r6l35"
                          HEIGHT="41"
                          WIDTH="977"
                          VPOS="2009"
                          HPOS="1227"
                          CONTENT="Kern, F., Ludwig Gieſebrecht als Dichter, Gelehrter und Schul⸗"/>
               </TextLine>
               <TextLine ID="r6l36"
                         BASELINE="1293,2075 1337,2073 1381,2072 1425,2072 1469,2070 1514,2070 1558,2070 1602,2070 1646,2070 1690,2070 1735,2070 1779,2070 1823,2070 1867,2070 1911,2070 1956,2070 2000,2070 2044,2070 2088,2069 2132,2069 2194,2071"
                         HEIGHT="36"
                         WIDTH="884"
                         VPOS="2049"
                         HPOS="1293">
                  <String ID="string_r6l36"
                          HEIGHT="36"
                          WIDTH="884"
                          VPOS="2049"
                          HPOS="1293"
                          CONTENT="mann. Anhang: Ferd. Calo’s Leben, erz. v. L. Gieſebrecht."/>
               </TextLine>
               <TextLine ID="r6l37"
                         BASELINE="1301,2111 1326,2111 1351,2109 1376,2109 1401,2108 1426,2108 1451,2108 1476,2107 1501,2106 1526,2106 1551,2105 1576,2105 1601,2104 1626,2103 1651,2103 1676,2103 1701,2103 1727,2105 2117,2100 2142,2103 2167,2103 2192,2103"
                         HEIGHT="41"
                         WIDTH="891"
                         VPOS="2080"
                         HPOS="1301">
                  <String ID="string_r6l37"
                          HEIGHT="41"
                          WIDTH="891"
                          VPOS="2080"
                          HPOS="1301"
                          CONTENT="gr. 8. Stettin. v. d. Rahmer. 6 M."/>
               </TextLine>
               <TextLine ID="r6l38"
                         BASELINE="1227,2147 1275,2145 1323,2145 1371,2144 1420,2143 1468,2142 1516,2141 1564,2141 1613,2141 1661,2139 1709,2139 1757,2139 1806,2138 1854,2138 1902,2138 1950,2138 1999,2138 2047,2138 2095,2138 2143,2138 2192,2138"
                         HEIGHT="39"
                         WIDTH="965"
                         VPOS="2118"
                         HPOS="1227">
                  <String ID="string_r6l38"
                          HEIGHT="39"
                          WIDTH="965"
                          VPOS="2118"
                          HPOS="1227"
                          CONTENT="Kerner, H., Papſt Alexander III. (Sammlung hiſt. Bildniſſe."/>
               </TextLine>
               <TextLine ID="r6l39"
                         BASELINE="1293,2181 1323,2181 1347,2178 1372,2178 1398,2178 1423,2178 1449,2178 1475,2177 1500,2177 1526,2177 1551,2176 1577,2175 1603,2175 1628,2175 1654,2174 1679,2174 1705,2174 1731,2174 1756,2174 1782,2174 1808,2174 2076,2175 2109,2175 2142,2175 2191,2184"
                         HEIGHT="41"
                         WIDTH="902"
                         VPOS="2150"
                         HPOS="1293">
                  <String ID="string_r6l39"
                          HEIGHT="41"
                          WIDTH="902"
                          VPOS="2150"
                          HPOS="1293"
                          CONTENT="3. Ser. 1. Ths.) 8. Freib. Herder. 1, 20 M."/>
               </TextLine>
               <TextLine ID="r6l40"
                         BASELINE="1224,2217 1271,2216 1319,2215 1366,2214 1414,2213 1461,2213 1509,2211 1556,2211 1604,2210 1651,2210 1699,2208 1747,2208 1794,2208 1842,2208 1889,2208 1937,2207 1984,2208 2032,2208 2079,2208 2127,2208 2193,2214"
                         HEIGHT="40"
                         WIDTH="951"
                         VPOS="2187"
                         HPOS="1224">
                  <String ID="string_r6l40"
                          HEIGHT="40"
                          WIDTH="951"
                          VPOS="2187"
                          HPOS="1224"
                          CONTENT="Krieg, der deutſch franzöſ. 1870–71. Red. von der kriegs⸗ge⸗"/>
               </TextLine>
               <TextLine ID="r6l41"
                         BASELINE="1305,2253 1348,2252 1392,2250 1435,2249 1479,2249 1522,2247 1566,2247 1609,2246 1653,2246 1696,2246 1740,2246 1783,2246 1827,2245 1870,2244 1914,2244 1957,2244 2001,2244 2044,2244 2088,2244 2131,2244 2186,2251"
                         HEIGHT="39"
                         WIDTH="870"
                         VPOS="2224"
                         HPOS="1305">
                  <String ID="string_r6l41"
                          HEIGHT="39"
                          WIDTH="870"
                          VPOS="2224"
                          HPOS="1305"
                          CONTENT="ſchichtl. Abth. des Großen Generalſtabes. 1. Thl. 7. Heft."/>
               </TextLine>
               <TextLine ID="r6l42"
                         BASELINE="1307,2288 1333,2289 1359,2287 1385,2285 2114,2277 2140,2276 2166,2278 2192,2280"
                         HEIGHT="43"
                         WIDTH="885"
                         VPOS="2256"
                         HPOS="1307">
                  <String ID="string_r6l42"
                          HEIGHT="43"
                          WIDTH="885"
                          VPOS="2256"
                          HPOS="1307"
                          CONTENT="Lex. 8. 6 M."/>
               </TextLine>
               <TextLine ID="r6l43"
                         BASELINE="1224,2324 1272,2322 1320,2322 1368,2322 1417,2321 1465,2320 1513,2319 1561,2318 1610,2316 1658,2316 1706,2315 1754,2313 1803,2312 1851,2312 1899,2310 1947,2310 1996,2310 2044,2310 2092,2310 2140,2312 2189,2312"
                         HEIGHT="44"
                         WIDTH="965"
                         VPOS="2290"
                         HPOS="1224">
                  <String ID="string_r6l43"
                          HEIGHT="44"
                          WIDTH="965"
                          VPOS="2290"
                          HPOS="1224"
                          CONTENT="Liliencron, Fhr. v., Mittheilungen aus dem Gebiete der öf-"/>
               </TextLine>
               <TextLine ID="r6l44"
                         BASELINE="1305,2358 1351,2357 1397,2357 1443,2355 1490,2354 1536,2354 1582,2352 1628,2352 1675,2351 1721,2351 1767,2349 1813,2349 1860,2348 1906,2348 1952,2348 1998,2348 2045,2348 2091,2348 2137,2349 2184,2349"
                         HEIGHT="40"
                         WIDTH="879"
                         VPOS="2328"
                         HPOS="1305">
                  <String ID="string_r6l44"
                          HEIGHT="40"
                          WIDTH="879"
                          VPOS="2328"
                          HPOS="1305"
                          CONTENT="fentlichen Meinung in Deutschld. während der 2. Hälfte"/>
               </TextLine>
               <TextLine ID="r6l45"
                         BASELINE="1302,2394 1338,2394 1375,2393 1411,2393 1448,2393 1484,2391 1521,2390 1557,2390 1594,2388 1630,2388 1667,2387 1704,2385 1740,2384 1777,2384 1813,2384 1850,2382 1886,2382 1923,2382 1959,2382 1996,2384 2033,2384 2115,2384 2151,2384 2187,2387"
                         HEIGHT="42"
                         WIDTH="885"
                         VPOS="2362"
                         HPOS="1302">
                  <String ID="string_r6l45"
                          HEIGHT="42"
                          WIDTH="885"
                          VPOS="2362"
                          HPOS="1302"
                          CONTENT="des 16. Jahrh. gr. 4. München. Franz. (Comm ) 3 M."/>
               </TextLine>
               <TextLine ID="r6l46"
                         BASELINE="1230,2430 1277,2430 1325,2429 1372,2429 1420,2427 1468,2426 1515,2426 1563,2424 1611,2423 1658,2423 1706,2422 1754,2421 1801,2421 1849,2420 1897,2420 1944,2420 1992,2420 2040,2421 2087,2421 2135,2423 2183,2423"
                         HEIGHT="40"
                         WIDTH="953"
                         VPOS="2400"
                         HPOS="1230">
                  <String ID="string_r6l46"
                          HEIGHT="40"
                          WIDTH="953"
                          VPOS="2400"
                          HPOS="1230"
                          CONTENT="Maurer, K., über den Hauptzehnt einiger nordgerman. Rechte."/>
               </TextLine>
               <TextLine ID="r6l47"
                         BASELINE="1304,2468 1329,2467 1355,2466 1381,2465 1407,2465 1433,2463 1459,2463 1485,2462 1511,2462 1537,2460 1563,2460 1589,2460 1615,2460 1641,2459 1667,2459 2072,2457 2102,2459 2132,2459 2162,2459 2192,2460"
                         HEIGHT="41"
                         WIDTH="888"
                         VPOS="2437"
                         HPOS="1304">
                  <String ID="string_r6l47"
                          HEIGHT="41"
                          WIDTH="888"
                          VPOS="2437"
                          HPOS="1304"
                          CONTENT="gr. 4. Ebendas. (Comm.) 2,25 M."/>
               </TextLine>
               <TextLine ID="r6l48"
                         BASELINE="1233,2504 1281,2502 1329,2502 1377,2501 1425,2499 1473,2498 1521,2498 1570,2496 1618,2495 1666,2493 1714,2493 1762,2492 1810,2492 1858,2492 1907,2492 1955,2492 2003,2492 2051,2493 2099,2495 2147,2496 2196,2498"
                         HEIGHT="42"
                         WIDTH="963"
                         VPOS="2472"
                         HPOS="1233">
                  <String ID="string_r6l48"
                          HEIGHT="42"
                          WIDTH="963"
                          VPOS="2472"
                          HPOS="1233"
                          CONTENT="May, J., der Kurfürſt, Cardinal und Erzbiſchof Albrecht II."/>
               </TextLine>
               <TextLine ID="r6l49"
                         BASELINE="1307,2537 1351,2537 1395,2535 1439,2535 1484,2534 1528,2534 1572,2532 1617,2532 1661,2532 1705,2531 1750,2531 1794,2531 1838,2531 1882,2531 1927,2531 1971,2531 2015,2531 2060,2531 2104,2532 2148,2532 2193,2534"
                         HEIGHT="36"
                         WIDTH="886"
                         VPOS="2511"
                         HPOS="1307">
                  <String ID="string_r6l49"
                          HEIGHT="36"
                          WIDTH="886"
                          VPOS="2511"
                          HPOS="1307"
                          CONTENT="von Mainz und Magdeburg . . . und ſ. &amp;. 2. Bd. gr. 8."/>
               </TextLine>
               <TextLine ID="r6l50"
                         BASELINE="1305,2573 1332,2571 1359,2570 1386,2571 1413,2573 2108,2565 2134,2568 2160,2567 2195,2580"
                         HEIGHT="38"
                         WIDTH="881"
                         VPOS="2545"
                         HPOS="1305">
                  <String ID="string_r6l50"
                          HEIGHT="38"
                          WIDTH="881"
                          VPOS="2545"
                          HPOS="1305"
                          CONTENT="Ebendaſ. 6 M."/>
               </TextLine>
               <TextLine ID="r6l51"
                         BASELINE="1224,2610 1272,2609 1320,2608 1368,2607 1417,2606 1465,2604 1513,2604 1562,2603 1610,2602 1658,2601 1707,2600 1755,2600 1803,2600 1851,2600 1900,2600 1948,2601 1996,2601 2045,2603 2093,2604 2141,2606 2190,2607"
                         HEIGHT="40"
                         WIDTH="966"
                         VPOS="2580"
                         HPOS="1224">
                  <String ID="string_r6l51"
                          HEIGHT="40"
                          WIDTH="966"
                          VPOS="2580"
                          HPOS="1224"
                          CONTENT="Meyer’s, Bernh. Ritter v., weil. Staatsſchreiber u. Tagſatzungs⸗"/>
               </TextLine>
               <TextLine ID="r6l52"
                         BASELINE="1311,2643 1354,2642 1398,2642 1441,2640 1485,2639 1529,2639 1572,2637 1616,2637 1660,2637 1703,2636 1747,2636 1791,2636 1834,2636 1878,2636 1922,2637 1965,2637 2009,2637 2053,2638 2096,2639 2140,2639 2184,2640"
                         HEIGHT="37"
                         WIDTH="873"
                         VPOS="2616"
                         HPOS="1311">
                  <String ID="string_r6l52"
                          HEIGHT="37"
                          WIDTH="873"
                          VPOS="2616"
                          HPOS="1311"
                          CONTENT="Geſandter des Cant. Luzern, nachmals k.k. öſterreich. Hof⸗"/>
               </TextLine>
               <TextLine ID="r6l53"
                         BASELINE="1307,2681 1351,2680 1395,2678 1439,2677 1483,2676 1527,2675 1571,2675 1616,2673 1660,2673 1704,2673 1748,2673 1792,2673 1836,2673 1880,2673 1925,2673 1969,2675 2013,2675 2057,2675 2101,2676 2145,2676 2190,2676"
                         HEIGHT="38"
                         WIDTH="883"
                         VPOS="2653"
                         HPOS="1307">
                  <String ID="string_r6l53"
                          HEIGHT="38"
                          WIDTH="883"
                          VPOS="2653"
                          HPOS="1307"
                          CONTENT="und Miniſterialrath . . . Erlebniſſe, hrsg. von B. Ritter"/>
               </TextLine>
               <TextLine ID="r6l54"
                         BASELINE="1296,2717 1321,2715 1347,2714 1373,2714 1398,2714 1424,2712 1450,2712 1476,2712 1501,2712 1527,2712 1553,2712 1579,2712 1604,2711 1630,2709 1656,2708 1682,2705 1832,2709 1857,2710 1882,2711 1907,2711 1932,2712 1957,2712 1982,2712 2007,2712 2032,2712 2057,2712 2082,2711 2107,2711 2132,2711 2157,2711 2191,2718"
                         HEIGHT="42"
                         WIDTH="887"
                         VPOS="2685"
                         HPOS="1296">
                  <String ID="string_r6l54"
                          HEIGHT="42"
                          WIDTH="887"
                          VPOS="2685"
                          HPOS="1296"
                          CONTENT="v. Meyer. 1. Bd. gr. 8. pr. 1. u. 2. Bd. 12 M."/>
               </TextLine>
               <TextLine ID="r6l55"
                         BASELINE="1233,2756 1281,2753 1329,2751 1377,2750 1425,2748 1473,2747 1521,2747 1569,2745 1617,2745 1665,2744 1713,2744 1761,2744 1809,2744 1857,2744 1905,2745 1953,2745 2001,2745 2049,2747 2097,2747 2145,2748 2193,2748"
                         HEIGHT="42"
                         WIDTH="960"
                         VPOS="2724"
                         HPOS="1233">
                  <String ID="string_r6l55"
                          HEIGHT="42"
                          WIDTH="960"
                          VPOS="2724"
                          HPOS="1233"
                          CONTENT="Ranke, L. v., Geſch. der roman. u. german. Völker von 1494"/>
               </TextLine>
               <TextLine ID="r6l56"
                         BASELINE="1305,2790 1349,2788 1393,2786 1438,2784 1482,2783 1527,2783 1571,2781 1615,2781 1660,2781 1704,2781 1749,2781 1793,2781 1837,2781 1882,2781 1926,2781 1971,2783 2015,2783 2059,2783 2104,2784 2148,2784 2193,2784"
                         HEIGHT="39"
                         WIDTH="888"
                         VPOS="2761"
                         HPOS="1305">
                  <String ID="string_r6l56"
                          HEIGHT="39"
                          WIDTH="888"
                          VPOS="2761"
                          HPOS="1305"
                          CONTENT="bis 1514. 2. Aufl. gr. 8. Leipz. Duncker und Humblot. 10 M."/>
               </TextLine>
               <TextLine ID="r6l57"
                         BASELINE="1236,2828 1283,2825 1331,2823 1379,2821 1426,2819 1474,2817 1522,2817 1569,2816 1617,2816 1665,2816 1713,2816 1760,2816 1808,2816 1856,2817 1903,2817 1951,2817 1999,2819 2046,2819 2094,2819 2142,2820 2190,2820"
                         HEIGHT="42"
                         WIDTH="954"
                         VPOS="2796"
                         HPOS="1236">
                  <String ID="string_r6l57"
                          HEIGHT="42"
                          WIDTH="954"
                          VPOS="2796"
                          HPOS="1236"
                          CONTENT="Recesse, die u. andere Acten der Hansetage von 1256—"/>
               </TextLine>
               <TextLine ID="r6l58"
                         BASELINE="1304,2858 1329,2859 1354,2859 1379,2858 1405,2858 1430,2857 1455,2856 1480,2855 1506,2854 1531,2853 1556,2852 1581,2850 1607,2850 1632,2849 1657,2849 1683,2850 2118,2855 2151,2855 2195,2864"
                         HEIGHT="40"
                         WIDTH="880"
                         VPOS="2829"
                         HPOS="1304">
                  <String ID="string_r6l58"
                          HEIGHT="40"
                          WIDTH="880"
                          VPOS="2829"
                          HPOS="1304"
                          CONTENT="1430. 3. Bd. 4. Ebendas. 16 M."/>
               </TextLine>
               <TextLine ID="r6l59"
                         BASELINE="1233,2898 1280,2895 1328,2894 1375,2892 1423,2891 1470,2889 1518,2889 1565,2888 1613,2888 1660,2888 1708,2888 1756,2888 1803,2889 1851,2889 1898,2889 1946,2889 1993,2891 2041,2891 2088,2891 2136,2892 2184,2892"
                         HEIGHT="40"
                         WIDTH="951"
                         VPOS="2868"
                         HPOS="1233">
                  <String ID="string_r6l59"
                          HEIGHT="40"
                          WIDTH="951"
                          VPOS="2868"
                          HPOS="1233"
                          CONTENT="Salm-Salm, Princessin Felix zu, zehn Jahre später aus mei-"/>
               </TextLine>
               <TextLine ID="r6l60"
                         BASELINE="1308,2934 1351,2930 1395,2928 1439,2927 1483,2925 1527,2924 1571,2924 1615,2924 1659,2924 1703,2924 1747,2924 1790,2925 1834,2925 1878,2927 1922,2927 1966,2928 2010,2928 2054,2930 2098,2930 2142,2930 2186,2930"
                         HEIGHT="40"
                         WIDTH="878"
                         VPOS="2904"
                         HPOS="1308">
                  <String ID="string_r6l60"
                          HEIGHT="40"
                          WIDTH="878"
                          VPOS="2904"
                          HPOS="1308"
                          CONTENT="nem Leben 1862–1872. Mit dem Portr. der Verf. 2. u."/>
               </TextLine>
               <TextLine ID="r6l61"
                         BASELINE="1301,2966 1326,2967 1352,2967 1377,2967 1403,2967 1429,2965 1454,2964 1480,2962 1506,2961 1531,2959 1557,2957 1583,2957 1608,2955 1634,2955 1660,2955 1685,2957 1711,2959 1737,2961 2046,2964 2075,2964 2104,2964 2134,2964 2163,2964 2193,2964"
                         HEIGHT="42"
                         WIDTH="892"
                         VPOS="2935"
                         HPOS="1301">
                  <String ID="string_r6l61"
                          HEIGHT="42"
                          WIDTH="892"
                          VPOS="2935"
                          HPOS="1301"
                          CONTENT="3. Band. Stuttg. Hallberger. à 4,50 M."/>
               </TextLine>
               <TextLine ID="r6l62"
                         BASELINE="1232,3005 1280,3003 1328,3002 1376,3000 1424,2999 1472,2997 1520,2997 1568,2997 1616,2996 1664,2996 1712,2996 1760,2997 1808,2997 1856,2997 1904,2999 1952,2999 2000,3000 2048,3000 2096,3000 2144,3002 2193,3002"
                         HEIGHT="39"
                         WIDTH="961"
                         VPOS="2976"
                         HPOS="1232">
                  <String ID="string_r6l62"
                          HEIGHT="39"
                          WIDTH="961"
                          VPOS="2976"
                          HPOS="1232"
                          CONTENT="Urkundenbuch, Bremisches, hrsg. V. R. Ehmck u. W. v."/>
               </TextLine>
               <TextLine ID="r6l63"
                         BASELINE="1301,3039 1336,3038 1372,3037 1408,3036 1444,3035 1480,3035 1516,3033 1552,3033 1588,3033 1624,3032 1660,3032 1695,3032 1731,3032 1767,3032 1803,3033 1839,3033 1875,3033 1911,3035 1947,3035 1983,3036 2019,3038 2091,3035 2123,3033 2155,3033 2187,3035"
                         HEIGHT="37"
                         WIDTH="886"
                         VPOS="3012"
                         HPOS="1301">
                  <String ID="string_r6l63"
                          HEIGHT="37"
                          WIDTH="886"
                          VPOS="3012"
                          HPOS="1301"
                          CONTENT="Bippen. 2. Bd. 4. Lfg. gr. 4. Bremen. Müller. 6 M."/>
               </TextLine>
               <TextLine ID="r6l64"
                         BASELINE="1236,3078 1283,3075 1331,3074 1378,3071 1426,3070 1473,3069 1521,3068 1568,3068 1616,3068 1663,3068 1711,3068 1759,3069 1806,3069 1854,3069 1901,3069 1949,3071 1996,3071 2044,3071 2091,3071 2139,3071 2187,3069"
                         HEIGHT="40"
                         WIDTH="951"
                         VPOS="3048"
                         HPOS="1236">
                  <String ID="string_r6l64"
                          HEIGHT="40"
                          WIDTH="951"
                          VPOS="3048"
                          HPOS="1236"
                          CONTENT="Zeissberg, H., Johannes Laski, Erzbischof v. Gnesen (1530"/>
               </TextLine>
               <TextLine ID="r6l65"
                         BASELINE="1288,3106 1371,3108 1414,3107 1456,3105 1499,3105 1541,3105 1584,3105 1626,3105 1669,3105 1711,3107 1754,3107 1797,3107 1839,3108 1882,3108 1924,3108 1967,3110 2009,3109 2052,3108 2094,3108 2137,3107 2180,3105"
                         HEIGHT="35"
                         WIDTH="851"
                         VPOS="3085"
                         HPOS="1329">
                  <String ID="string_r6l65"
                          HEIGHT="35"
                          WIDTH="851"
                          VPOS="3085"
                          HPOS="1329"
                          CONTENT="—31) u. sein Testament. Lex. 8. Wien, Gerold’s Sohn."/>
               </TextLine>
               <TextLine ID="r6l66"
                         BASELINE="1299,3150 1328,3147 1357,3145 1386,3144 1416,3147 2085,3143 2110,3144 2136,3143 2161,3143 2187,3146"
                         HEIGHT="37"
                         WIDTH="888"
                         VPOS="3123"
                         HPOS="1299">
                  <String ID="string_r6l66"
                          HEIGHT="37"
                          WIDTH="888"
                          VPOS="3123"
                          HPOS="1299"
                          CONTENT="(Comm.) 3,50 M."/>
               </TextLine>
            </TextBlock>
         </PrintSpace>
      </Page>
   </Layout>
</alto>
