2387 3365
1154 136 45 30 79

563 252 196 34 Philologie.

180 297 956 45 Acta soc. philologae Lipsiensis ed. F. Ritschelius. Tom. 4.

254 333 890 45 gr 8. Leipzig. Teubner 9. —

191 369 939 45 Bock, K., lat. Metrik und Profodik. gr. 8. Berlin. Weidmann.

1068 396 80 43 1. —

194 441 942 42 Horatius’ Sermonen. Hrsg. u. erkl. v. A. Th. Fritzsche.

263 475 871 45 1. Bd. gr. 8. Teubner. 2. 40.

194 511 961 44 Iuliani imper. quae supersunt praeter reliquias apud Cyril-

257 544 888 47 lum omnia. Rec. F. C. HertIein. Vol. I. 8. Leipzig

272 583 873 45 Ebend. 4. 50

188 622 952 41 Lysias’ ausgew. Reden. Erkl. v. H. Frohberger. Kleinere

261 652 873 50 Ausg. gr. 8. Leipzig. Teubner. 3. —

186 689 962 49 Mommſen, A., griech. Jahreszeiten. 3. Heft. Schleswig. Ber⸗

261 726 873 48 gas. 4. 60

195 765 945 43 Neue, F., Formenlehre der lat. Sprache. 2. Thl. 4. Lfg. gr. 8.

273 795 867 49 Berlin. Calvary. 3. 60 Mark 2. Bd. cplt. 15. —

200 837 948 43 Plutarchs ausgew. Biographien. Erkl. von O. Siefert u.

270 874 870 42 F. BIass. 5. Bdchn. Agis u. Cleomenes. gr. 8. Leipzig.

273 906 879 46 Teubner. — .90

195 946 948 41 Suhle, B., und M. Schneidewin, übersichtl. griech. deut-

269 981 876 40 sches Handwörterbuch für die ganze griech. Literatur.

276 1017 863 42 Lex. 8. Leipzig. Hahn. 9. 75

200 1054 940 41 Teuffel, W. S., Gesch. der röm. Lit. 3. Aufl. gr. 8. Leipz.

266 1086 873 45 Teubner. 14. —

189 1126 951 41 Thucydidis de b. Pelop. libri VIII. Explanavit E. F. Poppo.

276 1162 867 42 Vol. II. Sect. 1. Ed. 2. cur. J. M. Stahl. gr. 8. Ebend.

1082 1194 72 36 2. 40

201 1233 944 40 Valerii Flacci Argonauticon libri VIII. Recognovit Aem.

273 1269 869 43 Baehrens. 8. Ebend. 1. 50

198 1303 957 42 Vergils Aeneide. Erläutert von K. Kappes. 4. Heft. gr. 8.

269 1338 888 46 Ebend. 1. 20

198 1378 960 39 Ziegler, C., Illustrationen zur Topographie des alten Rom.

276 1413 879 42 2. Heft. 3. u. 4. Abth. Atlas. qu. Fol. Text. 8. Stuttg.

273 1450 825 41 Neff. 6. —

515 1525 324 33 Schöne Literatur.

201 1561 897 39 Björnſon, B., ein Falliſſement. 8. München. Ackermann. 2. —

207 1591 954 44 Bret Harte, Idyllen aus den Voralbergen. Ueberſetzt von M.

278 1624 883 45 Buſch. 8. Leipzig. Grunow. 4. 50

201 1665 953 42 Dewall, J. v., Graumann. Ein Roman aus kleinen Kreiſen.

281 1701 820 43 2 Bde. gr. 8. Stuttg. Hallberger. 6. —

207 1735 941 45 Dincklage⸗Campe, E. v., Nordlands⸗Geſchichten. 1. Bd. 6. —

209 1776 945 42 Götzinger’s, M. W., deutſche Dichter. 5. Aufl. 1. Lfg. Aarau.

278 1806 889 49 Sauerländer. —. 90

215 1849 943 42 Kompert, L., Zwiſchen Ruinen. Roman. 3 Bde. 8. Berlin. Janke.

1077 1885 33 30 12. —

215 1920 943 42 Müller, O., Diadem u. Maske. Roman. 3 Bde. gr. 8. Stuttg.

290 1953 832 46 Hallberger. 9. —

216 1992 954 45 Quitzmann, E., A., der Hain der Nornen. Culturgeſchichtliche

285 2026 885 42 Erzählung. 2 Bde. 8. Leipz. Schlicke. 7. 50

213 2061 903 43 Schmid, H., Columbus. Drama. 8. Leipz. Weber. 2. —

225 2098 938 47 Storm, Th., Gedichte. 5. verm. Aufl. Min. Berlin. Pätel. Eleg.

303 2130 854 49 geb. 5. —

213 2166 953 49 Tauchnitz Collection. gr. 16. Vol. 1475 a. 76: The law

285 2205 881 45 and the lady by W. Gollins. — 1479: Two by Tricks

291 2241 875 48 by E. Yates. — 1480 a. 81: A strange world by M.

285 2275 881 50 E. Braddon. — 1482, 83 a. 84: John Dorrien by Miss

284 2314 892 48 Kavanagh. à 1. 60

578 2389 249 33 Verſchiedenes.

219 2431 951 50 Ketteler, W. E. Frhr. v., der Bruch des Religionsfriedens u.

291 2469 873 46 der einzige Weg zu ſeiner Wiederherſtellung. 1. u. 2. Aufl.

285 2503 882 47 8. Mainz. Kirchheim. —. 50

557 2625 297 34 Erklärung.

327 2676 846 48 Pfarrer Schulte ſagt in einer Recenſion (Literariſche

228 2710 951 50 Rundſchau S. 2l.) meines Buches: Geſchichte des alten und

225 2748 948 48 neuen Bundes: ‚Falſch iſt ohne Frage die Behauptung, daß dem

234 2782 942 50 Volke Iſrael nicht eine ſämmtlichen heidniſchen Völkern ge⸗

240 2818 927 48 enüber pflichtmäßige, excluſive Stellung zukomme, und daß der

225 2854 957 48 iſraelitiſchen Religion der Geiſt der Ausſchließlichkeit fremd ſei.

224 2889 946 49 Bei ſolcher Auffaſſung wird ja vollſtändig verkannt, daß die Er⸗

231 2925 939 49 wählung Abrahams wie ein Act der Erbarmung gegen den Er⸗

239 2961 934 49 wählten, ſo ein Act der ſtrafenden Gerechtigkeit gegen die heidni⸗

242 2997 931 49 ſchen Völker war u. ſ. w.’ Was mir Schulte vorwirft, habe ich

242 3031 940 51 gar nicht geſagt. In meinem Buche § 25 S. 101 fla. habe ich

237 3069 945 49 nur entwickelt, daß Abraham und ſein Volk nicht in dem Sinne

237 3102 950 52 eine ausſchließliche Stellung und einen beſonderen Beruf von

1197 219 950 49 Gott erhalten habe, daß Gott darum nicht auch mit väterlicher

1209 258 939 46 Sorgfalt ſich aller Heiden angenommen habe: daß vielmehr

1209 292 939 53 Abraham und ſein Volk um der übernatürlichen Ordnung des

1209 330 936 48 ganzen Menſchengeſchlechts willen, alſo für das Heil der ganzen

1203 364 956 50 Menſchheit berufen ſei, was der Herr, Joh. 4, 22: ‚das Heil

1200 402 954 49 kommt von den Juden’ ſo prägnant ausſpricht; vergl. Röm.

1203 436 939 51 9. 1—5. Jeder, welcher das alte Teſtament nur in etwa kennt,

1209 472 939 51 weiß, mit welcher Sorgfalt Gott ſich auch der Heiden annimmt.

1209 510 935 48 Er ſendet Propheten zu ihnen, wie den Jonas zu den Aſſyriern,

1203 546 954 48 den Baruch, Ezechiel und Daniel nach Babylon, Iſaias und Jeremias

1209 579 939 51 nehmen auf die Babylonier die häufigſte Rückſicht. In den Pro⸗

1215 616 939 48 pheten und im Buche der Weisheit verkündigt Gott wiederholt,

1203 652 948 48 daß er ſich Aller erbarme, weil alles ihm gehöre, daß er aus

1212 687 939 49 allen Völkern Prieſter des neuen Bundes berufen wolle. Auch

1209 723 948 49 den heidniſchen Ländern gibt Gott ſeine Engel als Beſchützer, wie

1212 759 948 48 wir Daniel Cap. 10 ſehen. Gott erweckt unter den Heiden An⸗

1208 795 952 48 hänger des wahren Gottes, wie Job, Melchiſedech und Jethro, den

1218 829 939 48 Schwiegervater des Moyſes. Gott erleuchtet die Heiden durch Traum⸗

1209 864 938 52 geſichte, wie den Pharao, die er ihm durch Joſeph erklären läßt,

1214 900 939 51 ebenſo den Nabuchodonoſor durch einen Traum, den ihm Daniel

1215 934 939 53 erklärt, den Balthaſar durch die geheimnißvolle Schrift, die ihm der⸗

1226 972 934 48 ſelbe Prophet auslegt. Bei Evilmerodach und bei Darius (Kyaxares

1215 1008 941 49 II.) iſt Daniel der allesvermögende Rathgeber dieſer Könige, wie

1217 1044 939 48 Mardochäus bei Xerxes. Jene Darſtellung meiner Lehre von Schulte

1218 1081 942 50 iſt daher eine bewußte oder unbewußte Fälſchung. Wenn Schulte

1221 1119 942 46 ſagt: ‚Die Erwählung Abrahams war ein Act der ſtrafenden

1226 1155 930 45 Gerechtigkeit Gottes gegen die Heiden,’ ſo iſt das unvernünftig

1215 1191 947 48 und unkatholiſch; denn wie kann ich mich darüber betrüben,

1224 1227 944 46 wenn nicht mir, ſondern einem Andern ein hoher Beruf, eine große

1224 1263 938 46 Gnade gegeben wird? Wie kann es für mich, ein ‚Act der ſtrafenden

1215 1297 960 48 Gerechtigkeit Gottes’ ſein, daß ich nicht Biſchof oder Ordensſtifter bin.

1223 1333 933 50 Zum Himmel geht jeder ſeinen eigenen Weg, wie an einem gro⸗

1221 1369 944 48 ßen Gebäude jeder Stein ſeinen eigenen Platz hat. Wem fiele

1221 1404 959 46 hier nicht das Wort ein: ‚Iſt dein Auge darum ſchalkhaft, weil

1224 1441 954 48 ich gütig bin?’ Weiter ſagt Schulte: ‚Unwahr ferner und für die

1224 1477 948 45 ganze Auffaſſung der theokratiſchen Ordnung von bedenklichem

1227 1513 945 45 Einfluſſe iſt die folgende Bemerkung: ‚Für die richtige Auffaſ⸗

1235 1546 937 44 ſung des Moſaismus iſt dieſe Grundwahrheit wohl zu beach⸗

1236 1581 929 42 ten, daß die Verkündigung des göttlichen Geſetzes durch die Prie⸗

1236 1618 932 41 ſter und ſelbſt durch die Propheten vom Hohenprieſter abhing,

1236 1653 929 43 und daß dieſer der Mittelpunkt des religiösen Lebens im ganzen

1236 1689 944 43 Bunde iſt.’ Gegen dieſe meine Darſtellung iſt Schulte beſon⸗

1230 1728 936 40 ders erbittert; ſie ſei gegen die Theokratie und das Propheten⸗

1230 1761 951 45 thum; ſie erinnere an mittelalterliche Zuſtände, an Prieſterge⸗

1236 1798 944 45 lüſte nach Herrſchaft u. ſ. w., und ich hätte ſie darum in unſerer

1244 1834 930 44 Zeit gar nicht vorbringen ſollen. Auf die für meine Auffaſſung

1233 1872 947 40 des Hohenprieſters den Propheten gegenüber angeführten Gründe

1236 1908 932 40 hat Schulte mit keiner einzigen Silbe Rücksicht genommen, weß⸗

1242 1941 938 45 halb ich mir folgendes eben zu bemerken erlaube: Die geſammte

1242 1977 936 43 Wirkſamkeit der Propheten im alten Bunde war vom aaroni⸗

1242 2013 938 45 ſchen Prieſterthume und deſſen Mittelpunkte, dem Hohenprieſter

1236 2049 938 45 abhängig. Dieſes folgt zunächſt aus der amtlichen Stellung des

1242 2085 941 42 Hohenprieſters, nach welcher er dem moyſaiſchen Geſetze zufolge

1239 2118 932 45 der Mittelpunkt des religiöſen Lebens für das ganze Voll Gottes

1239 2152 942 45 war. Dann folgt es aber auch aus vielen Stellen der hl. Schrift.

1245 2187 935 45 Schon im Anfange der Richterzeit befragen die Iſraeliten Gott

1236 2221 942 48 durch den Hohenprieſter, wer im Kampfe gegen die Kanaaniter

1251 2256 918 49 ihr Anführer ſein ſoll. Ebenſo David in allen wichtigen An⸗

1248 2292 927 52 gelegenheiten. So war Samuel, welcher zuerſt unter den Pro⸗

1239 2326 948 51 pheten nach Moyſes beſonders hervortritt, ſelbst aus prieſter⸗

1239 2364 948 48 lichem Geſchlechte. Ferner Iſaias 8, 2 nimmt der Prophet als

1239 2400 948 49 treuen Zeugen für ſeine prophetiſche Wirkſamkeit den Hohen⸗

1251 2436 930 48 prieſter Urias (4. Kön. 16, 10) und den Zacharias, einen Leviten

1251 2472 927 48 (wahrſcheinlich 1. Chron. 9, 21 und 2. Chron. 7, 17). Vergl.

1248 2508 941 49 Iſaias 22, 20, 21 (der Hoheprieſter ſoll für Juda ſorgen). Noch

1254 2545 924 48 ſchärfer bezeugt die Abhängigkeit der Propheten vom Hoheprie⸗

1245 2581 948 48 ſter Jerem. 29, 26 (eine höchſt wichtige Stelle); der Prophet

1248 2617 945 50 Aggäus wird 2, 3 an den Hoheprieſter verwieſen; daſſelbe

1242 2653 938 50 bezeugt das Buch Judith; Joh. 1, 19 flg. ſendet der hohe Rath,

1239 2689 950 50 an deſſen Spitze der Hoheprieſter ſtand, eine Geſandtſchaft an

1257 2724 923 52 Johannes, damit er ſich über ſeine prophetiſche Wirkſamkeit ver⸗

1239 2761 942 50 antworte; Chriſtus verweiſt immer auf die amtlichen Prieſter.

1242 2799 948 46 Der Blindgeborene (Joh. 9) wird vom hohen Rath gerichtet,

1245 2833 941 50 Chriſtus ſelbſt verantwortet ſich vor dem Hoheprieſter und dem

1251 2869 948 48 hohen Rathe; ebenſo Petrus in ſeinem und aller Apoſtel Namen

1248 2905 945 48 und Stephanus (Apg. Cap. 2— Cap. 7), auch Paulus (Apg.

1251 2938 939 50 Cap. 23). Freilich können wir dieſe Abhängigkeit der Prophe⸗

1251 2974 935 50 ten vom Hoheprieſter bei Elias, der ſogar den Baalsprieſtern

1245 3009 935 54 gegenüber opferte, obſchon wir nicht wiſſen, daß er Prieſter

1251 3045 929 49 war, und ſogar fern vom Tempel, nicht nachweiſen, noch auch

1251 3082 938 48 bei Eliſäus, und einigen andern Vropheten, aber der Grundſatz
