2364 3351
1170 68 81 153 220

213 249 957 36 Wyss, A., die Limburger Chronik untersucht. gr. 8. Marburg.

275 285 889 36 Elwert. 2. 40

210 324 963 31 Zeller, E., Vorträge u. Abhandlungen geschichtl. Inhalts. 2.

278 359 893 35 Aufl. gr. 8. Leipzig. Fues. 8. —

402 430 576 35 Geographie. Reiſen. Karten.

204 486 959 34 Atlas, topographischer, der Schweiz. 7. Lfg. qu. gr. Fol.

288 519 864 36 Bern. Dalp. 12. 80

204 555 961 37 Barker, Lady, Stationsleben auf Neu⸗Seeland. 8. Coburg.

262 594 890 33 Sendelbach. 3. 50

204 630 956 34 Farenheid, F. v., Reiſe durch Griechenland, Kleinaſien, die

272 667 892 33 troiſche Ebene, Conſtantinopel, Nom u. Sicilien. gr. 8.

281 702 889 36 Königsbg. Hartung. 8. —

200 739 951 33 Hauslab, Erdkarte mit d. Horizontal-Schichten. Chromolith.

281 777 876 31 qu. gr. Fol. Wien. Artaria. 1. 20

209 810 939 34 — Karte v. Mittel- u. Süd-Europa m. Horizontal-Schichten

263 847 899 33 nach Steinhauser. Schwarz mit Curven. qu. gr. Fol.

290 882 864 36 — 80 Mark, in Tondruck 1. 20

200 919 951 33 Kiepert, H., Karte d. russischen Reichs in Europa. 4. Aufl.

273 957 879 33 6. Blatt. Lith. u. color. qu. gr. Fol. Berlin. D. Reimer.

1065 990 98 34 10. —

213 1027 938 33 — Wandkarte d. deutschen Reiches. 1: 750,000. 9 Blatt.

269 1062 895 34 Lith. u. color. 4. Aufl. qu. gr. Fol. Ebendas. 10. —

194 1099 952 33 Klipstein, A. v., Beiträge zur geolog. u. topograph. Kennt-

269 1135 886 36 niss der oestl. Alpen. 2. Bd. 2. Abth. gr. 4. Giessen.

266 1170 890 34 Ricker. 5. —

195 1206 970 34 Müller, A., orohydrograph. Schul-Atlas über alle Theile d.

266 1240 886 39 Erde in 20 Karten nach Reliefs. gr. 4. Weimar. Photo-

272 1276 882 36 lithogr. Institut. 2. 50

191 1311 955 37 Nordpolarfahrt, die zweite Deutſche, in den J. 1869 u. 70

263 1350 901 34 unter Führung des Kapitäns Karl Koldewey. Volksausg.

266 1385 896 34 4. Lfg. gr. 8. Leipzig. Brockhaus. 1. —

191 1420 954 35 Payer, J., die öſterreich⸗ungariſche Nordpol⸗Exp. in den Jahren

257 1456 892 33 1872–74. 1. Lfg. gr. 8. Wien. Hölder. —. 50

210 1494 939 37 Pyl, Th., Vom Hildageſtade. Heimatsbilder. gr. 8. Greifswald.

264 1529 888 34 Bindewald. 3. —

191 1566 961 33 Rohlfs, G., Beiträge zur Entdeckung und Erforſchung Afrika’s.

266 1603 882 32 Berichte aus d. J. 1870—75. 8. Leipzig. Dürr. 4. 50

192 1641 960 31 Rulf, G. u. A. Müller, Deutschland nach e. Relief von C.

261 1677 884 31 Raaz. Photolithogr. 14. Aufl. 12 BI. Imp.-Fol. Ebendas.

266 1707 873 37 9 Mark. auf Leinw. 16. —

182 1743 960 33 Schiff, Th., Aus halbvergessenem Lande. Culturbilder aus

263 1777 900 35 Dalmatien. Lex. 8. Wien. Klič u. Spitzer. 5. —

197 1815 951 33 Schweinfurth, G., Artes Africanae. Abbildungen und Be-

257 1851 901 31 schreibungen von Erzeugnissen des Kunstfleisses central-

263 1888 891 32 afrik. Völker. Deutsch und englisch. Fol. Leipzig. Brock-

263 1924 891 33 haus. cart. 24. —

183 1962 966 31 Steinhauser, A., physikalische Karten. Nr. 9: Pendelkarte.

263 1998 876 34 qu. Fol. Wien. Artaria. 1. —

353 2061 627 33 Kunſtwiſſenſchaft. Kunſtgeſchichte.

182 2118 964 33 Lobe, J. C., Lehrbuch der musik. Composition. 3. Thl. 2.

260 2151 894 37 Aufl. gr. 8. Leipzig. Breitkopf u. Härtel. 13. 50

191 2190 957 34 Quellenschriften für Kunstgesch. n. Kunsttechnik d. Mittel-

251 2227 888 33 alters u. d. Renaissance, Hrsg. v. R. Eitelberger v.

260 2260 877 36 Edelberg. IX. u. X. gr. 8. Wien. Braumüller. 11. —

182 2298 970 34 Woermann, K., die Landschaft in der Kunst der alten

260 2334 901 37 Völker. Lex. 8. München. Ackermann. 12. —

305 2493 718 36 Beſonders zu Feſtgeſchenken empfohlen!

350 2580 733 34 Soeben erſchien in unſerem Verlage und iſt vor⸗

237 2616 482 37 räthig in allen Buchhandlungen:

321 2707 684 36 Blätter im Winde.

569 2764 198 30 Novellen von

383 2821 565 35 Eufemia Gräfin Balleſtrem.

444 2880 431 31 Preis elegant geb. 4½, Mark,

269 2926 778 39 in feinem Callicoband gebunden 6 Mark.

180 3012 899 36 G. P. Aderholz’ Buchhandlung in Breslau.

1352 255 854 39 In der Herder’ſchen Verlagshandlung in Freiburg im

1241 292 948 36 Breisgau iſt erſchienen und durch alle Buchhandlungen zu beziehen:

1245 354 945 34 Vering, Dr. Fr. H., Lehrbuch des kath.

1244 406 950 36 und proteſtantiſchen Kirchenrechts, mit beſonderer Rückſicht auf

1244 442 936 36 das Vatikaniſche Concil, ſowie auf Deutſchland, Oeſterreich und

1235 480 939 34 die Schweiz. Zweite Abth. gr. 8⁰. (S. 240 bis 560. M. 4.80.

1349 516 838 36 Dieſe zweite Abtheilung enthält: 1) den Schluß der

1235 550 948 36 Quellen und äußeren Rechtsgeſchichte des Kirchenrechts, ſchildert

1235 588 951 34 aktenmäßig die gegenwärtigen ſtaatskirchlichen Verhältniſſe Oeſter⸗

1235 624 942 34 reichs und der Schweiz, ſodann die heutigen Quellen des katho⸗

1238 660 949 36 liſchen und proteſtantiſchen Kirchenrechts im Einzelnen, wobei

1229 694 954 36 unter Anderem auch die Lehren vom Gewohnheitsrecht, von den

1235 732 954 34 bürgerlichen Geſetzen als Quelle des Kirchenrechts und vom Ver⸗

1226 766 951 36 faſſungseid, ſowie von den Concordaten, und bei den Concilien

1236 801 941 37 das Vatikaniſche Concil abgehandelt werden. Die einzelnen

1235 838 962 36 Schlüſſe des Vaticaniſchen Concils, die Entwürfe ſolcher, auch

1232 874 954 35 die von der vorberathenden kirchlich⸗politiſchen Commiſſion vor⸗

1229 909 948 37 bereiteten und die von Concilsvätern geſtellten Anträge ſind

1227 948 950 34 jedesmal bei der betreffenden Materie verzeichnet. Ferner ent⸗

1238 982 936 36 hält dieſe zweite Abtheilung: 2) den größten Theil des kirchlichen

1229 1018 948 36 Verfaſſungsrechts; die kirchliche Verfaſſung im Allgemeinen, wo⸗

1230 1053 944 40 bei auch die ſogen. Altkatholikenfrage ſehr eingehend erörtert iſt,

1223 1090 957 38 ſodann die Lehre vom geiſtlichen Stande und den Kirchenämtern

1224 1126 953 36 (dabei auch von dem Patronatsrecht); und endlich von den Or⸗

1219 1162 958 36 ganen der Kirchengewalt im Einzelnen (vom Papſte und der

1223 1198 951 36 römiſchen Curie, den Metropoliten, den Biſchöfen, den Domcapiteln

1233 1233 939 37 und Stiften, den Chor⸗ und Weihbiſchöfen und den Coadjutoren),

1223 1269 954 37 überall mit beſonderer Rückſicht auf die Verhältniſſe der Gegenwart.

1337 1306 849 36 Den Schluß des ganzen Werkes wird eine gegen Ende

1224 1338 815 40 dieſes Jahres erſcheinende dritte Abtheilung enthalten.

1332 1405 845 41 In der Herder’ſchen Verlagshandlung in Freiburg im

1226 1443 954 37 Breisgau iſt erſchienen und durch alle Buchhandlungen zu beziehen:

1226 1503 945 37 Räß, Dr. A., Biſchof von Straßburg, Die Con⸗

1293 1566 875 40 vertiten ſeit der Reformation, nach

1223 1623 945 34 ihrem Leben und aus ihren Schriften dargeſtellt. Erſter bis

1230 1660 927 35 zehnter Band: Vom Anfang der Reformation bis 1798. gr. 8⁰.

1210 1693 959 35 (Jeder Band circa 40 Bogen.) à M. 7. 20. — Perſonen⸗ und

1217 1728 951 37 Sachregiſter zu den zehn erſten Bänden. gr. 8⁰. (VIII u. 172 S.)

1223 1758 943 42 M. 2.40. — Elfter Band. (Erſter Nachtrag.) Vom Anfange der

1292 1797 894 40 Reformation bis 1566. gr. 8⁰. (VIII u. 522 S.) M. 7.20. —

1220 1833 964 37 Zwölfter Band. (Zweiter Nachtrag.) Von 1566—1800. gr. 8⁰.

1211 1866 952 46 (X u. 570 S.) M. 7.20. — Preis des vollſtändigen Werkes,

1223 1901 298 35 13 Bände: M. 88.80.

1330 1939 828 44 Jede Buchhandlung liefert einzelne Bände zur Anſicht.

1338 1977 836 42 Die ‚Köln. Volksztg.’ ſagt über dieſes bedeutende Werk:

1223 2013 949 43 ‚Erhebt uns ſchon jede objectiv gehaltene Lebensbeſchreibung auf

1224 2049 939 43 einen höheren Punkt der hiſtoriſchen Betrachtung und führt ſie

1227 2085 938 43 uns aus der gründlichen Kenntniß des Speciellen in das tiefere

1224 2121 939 43 Verständniß des Geiſtes ein, welcher in der Geſchichte waltet,

1212 2157 956 42 ſo ſehen wir bei den Lebensbildern der Convertiten die theologiſche

1224 2193 942 40 Controverſe gleichſam in der geſchichtlichen Entwickelung eines

1224 2229 944 40 Menſchengeiſtes warm und lebendig an uns vorübergehen. Das

1224 2266 948 41 in großartigem Maßſtab angelegte Werk des Hrn. Biſchofs von

1230 2301 935 43 Straßburg ſoll bis auf unſere Tage herabreichen und beſchäftigt

1213 2338 952 42 ſich vornehmlich mit jenen Männern, welche ihre Bekehrungs⸗

1230 2376 944 42 gründe entweder in beſondern Schriften und Briefen oder auch

1218 2412 947 40 in einem oder dem anderen Hauptſtücke eines größeren Werkes

1218 2448 947 40 direct oder indirect dargelegt haben. Neben den autobiographiſchen

1220 2485 945 39 Mittheilungen ſind die ſonſtigen beſten Quellen benutzt und auch

1220 2523 951 37 namentlich die Zeugniſſe der Gegner berückſichtigt, wodurch die

1217 2560 946 36 biographiſche Schilderung ebenſo viel an Unmittelbarkeit gewinnt,

1215 2595 758 37 als ihr der Stempel der Wahrheit aufgedrückt iſt.

1328 2677 850 39 In der C. F. Winter’ſchen Verlagshandlung in Leipzig

1202 2715 315 34 iſt ſoeben erſchienen:

1446 2856 497 37 Sophokles.

1361 2932 669 36 Deutſch in den Versmaßen der Urſchrift von

1536 2989 327 36 J. J. C. Donner.

1289 3040 813 42 Achte Auflage. Zwei Bände. 8. geb. 6 Mark 60 Pfg.

1373 3085 637 36 In Leinwand gebunden 7 Mark 50 Pfg.

380 3144 1585 42 Verantwortlicher Redacteur Joſeph Köhler in Paderborn. — Druck von Franz Joſ. Urlichs in Aachen.
