2387 3353
1115 145 84 33 219

1020 234 281 81 Büchertiſch.

519 367 261 32 Bibliographie.

176 411 948 39 Baldamus, Katholische Theologie. 1870–74. gr. 8. Leipzig.

255 445 888 41 Hinrichs. 2. —

459 490 393 35 Katholiſche Theologie.

165 535 957 42 Guéranger, P., die h. Adventszeit. 8. Mainz. Kirchheim. 4. 20

240 570 881 40 — das Kirchenjahr. 7. Lfg. 8 Ebendaſ. 1. 40

546 643 219 35 Philoſophie.

174 688 948 42 Fischer, E. L., über das Gesetz der Entwicklung auf psy-

245 720 873 45 chisch-ethischem Gebiete. gr. 8. Würzburg. Keller. 2. —

170 759 952 43 Ritter, H., und L. Preller, Historia philosophiae graecae

246 796 907 41 et romanae ex fontium locis contexta. Ed. 5. cur. G.

252 828 878 46 Teichmüller. gr. 8. Gotha. F. A. Perthes. 8. —

180 868 956 42 Weygold, G. P., Kritik des philos. Pessimismus der neuesten

249 904 885 44 Zeit. gr. 8. Leyden. Brill. 2. 70

510 957 317 37 Naturwiſſenſchaft.

176 1006 961 41 Hayek, G. v., Handbuch der Zoologie. 4. Lfg. gr. 8 Wien,

243 1041 879 40 Gerold. 3. 60

177 1077 948 42 Riemann, B., Schwere, Electricität und Magnetismus. Bearb.

252 1111 873 44 v. K. Hattendorf. gr. 8. Hannover. Rümpler. 8. —

174 1152 964 39 Schilling’s, S., Grundriß der Naturgeſch. Größere Ausg. 12.

261 1186 888 41 Bearb. 1. Thl.: Das Thierreich. gr. 8. Breslau. Hirt. 3. —

177 1221 951 43 Schulze, L. R., das Buch der phyſikal. Erſcheinungen. Frei

252 1261 888 38 nach A. Guillemin. 3. u. 4. Lfg. gr. 8. Leipzig. Froh⸗

251 1294 871 45 berg. à 1. —

183 1332 951 37 Stelzner, A. u. O. Prölß, Atlas der Mineralogie. Lex. 8.

258 1365 872 40 Leipzig. Brockhaus. Mark 1. 50. geb. 2. 80

171 1405 954 36 Suess, E., die Entstehung der Alpen. gr. 8. Wien. Brau-

257 1440 890 37 müller. 3. —

183 1474 951 39 Tyndall, J., die Wärme betrachtet als eine Art der Bewe-

248 1512 910 37 gung. Deutsche Ausg., hrsg. v. H. HeImholtz u. G.

261 1542 886 40 Wiedemann. 3. Aufl. gr. 8. Braunschw. Vieweg. 9. —

192 1581 962 37 Waltenhofen, A. v., Grundriss der allgemeinen mechani-

254 1613 899 37 chen Physik. gr. 8. Leipzig. Teubner. 8. —

192 1647 944 39 Wetzel, E., allg. Himmelskunde. 3. Aufl. gr. 8. Berlin. Stu-

248 1680 879 43 benrauch. 10. —

500 1734 330 33 Rechtswiſſenſchaft.

188 1779 942 39 Baron, J., Pandekten. 2. Aufl. gr. 8. Leipzig. Duncker u.

261 1816 878 39 Humblot. 13. 20

189 1852 964 41 Endemann, W., das deutſche Handelsrecht. 3. Aufl. gr. 8. Hei⸗

258 1884 884 45 delberg. Bangel und Schmitt. 16. —

183 1929 960 39 Geſetzgebung, die, des deutſchen Reiches m. Erläutergn., hrsg.

261 1963 890 39 v. E. Bezold. 3. Thl.: Strafrecht u. Strafproceß. 1. Bd.

264 1993 864 45 2. Heft. gr. 8. Erlangen. Palm u. Enke. 2. —

195 2033 960 43 Hinſchius, P., die preuß. Kirchengeſetze der Jahre 1874 und

255 2071 882 36 1875 nebſt dem Reichsgeſetze vom 4. Mai 1874. gr. 8. Ber⸗

264 2107 887 39 lin. Guttentag. 5. —

195 2142 954 43 Ihering, R. v., Geiſt des röm. Rechts auf den verſch. Stufen

254 2178 882 43 fr. Entwicklg. 2. Thl. 2. Abth. 3. Aufl. gr. 8. Leipzig.

258 2211 882 43 Breitkopf u. Härtel. 9. —

195 2250 951 48 Severin, C. A., die preuß. Stempelgeſetzgebung ergänzt und er⸗

261 2284 882 48 läutert. II. Das Geſetz vom 30. Mai 1873, betr. die Erb⸗

254 2316 888 51 ſchaftsſteuer. gr. 8. Berlin. Vahlen. cart. 2. —

189 2356 951 50 Turnau, W., die Grundbuchordnung vom 5. Mai 1872 mit

270 2394 888 46 Ergänzungen und Erläuterungen. Kleinere Ausg. 8. Cart.

270 2427 869 46 Paderborn. Schöningh. 1. 60

201 2464 942 51 Vering, F. H., Gesch. n. Pandekten des röm. u. heutigen

261 2500 901 48 gemeinen Privatrechts. 4. Aufl. 4. (Schluss-) Lfg. gr. 8.

273 2535 893 46 Mainz. Kirchheim. Mark 3. 50. compl. 11. —

198 2571 945 52 Voigt, M., üb. das Aelius-u. Sabinus-System wie über einige

276 2607 892 48 verwandte Rechts-Systeme. Lex. 8. Leipz. Hirzel. 4. —

195 2644 963 51 Windſcheid, B., Lehrbuch des Pandektenrechts. 2. Bd. 4. Aufl.

275 2680 879 50 gr. 8. Düſſeldorf. Buddeus. 17. —

198 2715 960 51 Zachariae v. Lingenthal, C. S., Handbuch des französ.

279 2754 866 46 Civilrechts. 6. Aufl. Hrsg. v. E. S. Puchelt. 7. HIbbd.

266 2791 898 53 gr. 8. Heidelberg. Mohr. 3. —

504 2841 341 40 Nationalökonomie.

207 2886 948 52 Dühring. E., Cursus der National- u. Socialökonomie, ein-

267 2923 897 51 schliesslich der Hauptpunkte der Finanzpolitik. 2. Aufl.

275 2956 896 59 gr. 8. Leipzig. Fues. 9. —

362 3012 636 51 Geſchichte. Biographie. Memoiren.

206 3058 946 53 Arnold, W., über das Verh. der Reichs- zur Stammesgesch.

273 3096 905 51 und die Bedeutung der letzteren. gr. 8. Marburg. Elwert.

1069 3112 110 51 — 60

1197 348 951 40 Becker, B., Geſch. der revolutionären Pariſer Commune in den

1269 382 894 42 Jahren 1789–1794. gr. 8. Braunſchw. Bracke. 4. —

1203 418 954 42 Benrath, K., Bernardino Ochino v. Siena. Ein Beitrag zur

1281 450 863 40 Gesch. der Reformation. gr. 8. Leipzig. Fues. 7. —

1194 489 963 43 Bulle, C., Geſch. der neueſten Zeit 1815–1871. 1. Bd.: Von

1280 526 868 38 1815–1848. gr. 8. Bremen. Nordweſtdeutſcher Volksſchrif⸗

1265 564 904 39 ten⸗Verlag. 6. —

1200 597 954 43 Bunge, F. G. v., der Orden der Schwertbrüder. Dessen Stif-

1281 630 875 43 tung. Verfassung u. Auflösung. gr. 8. Leipzig. Bidder. 2. —

1200 670 957 42 Czerny, A., Bilder aus der Zeit der Bauernunruhen in Ober⸗

1266 705 888 43 öſterreich. 1626. 1632. 1648. gr. 8. Linz. Ebenhöch. 5. 40

1203 739 950 44 Druffel, A. v., Briefe u. Akten zur Gesch. des 16. Jahrh.

1269 777 894 42 m. besond. Rücks. auf Bayerns Fürstenhaus. 3. Bd. 1.

1275 811 885 45 Abth. Beiträge zur Reichsgesch. 1546–1551. gr. 8. Mün⸗

1278 846 876 45 chon. Rieger. 6. 70

1200 883 963 44 Eye, A. v., Atlas der Culturgesch. qu. Fol. Leipzig. Brock-

1268 916 892 47 haus. 15 Mark. geb. 19. —

1209 957 948 45 Faigl, J. R., P. Joh. Nep. Hinteröcker, Prieſter der Geſ. Jeſu

1271 993 888 42 u. apoſt. Miſſ. in Auſtralien. Ein Lebensbild. gr. 8. Linz.

1275 1027 890 45 Ebenhöch. 2. 40

1209 1064 965 43 Fontes rerum Austriacarum. 1. Abth. Scriptores. 8. Bd.:

1281 1101 878 42 Die Königsaaler Geschichtsquellen mit den Zusätzen und

1281 1140 876 40 der Fortsetzung des Domherrn Franz v. Prag. Hrsg. v.

1275 1170 872 46 J. Loserth. gr. 8 Wien. Gerold. 10. —

1215 1212 966 40 Gieſebrecht, W. v., Geſch. der deutſchen Kaiſerzeit. 2. Bd. 4.

1284 1242 870 46 Aufl. gr. 8. Braunſchweig. Schwetſchke. 12. —

1209 1285 951 39 Heidemann, J., Peter v. Aspelt als Kirchenfürst und Staats-

1277 1324 477 38 mann. gr. 8. Berlin. Weidmann. 6. —

1209 1359 957 37 Hertzberg, G. F., Geſch. Griechenlands ſeit dem Abſterben des

1284 1393 879 39 antiken Lebens bis zur Gegenwart. 1. Thl. (Geſch. der eu⸗

1277 1431 903 39 rop. Staaten, hrsg. v. Heeren u. Ukert etc. 37. Lfg. 1. Abth.)

1283 1464 901 42 gr. 8. Gotha. F. A. Perthes. Subcriptionspreis 6. 80

1907 1497 252 37 Einzelpreis 8. 40

1215 1536 967 39 Höfner, M. J., Untersuchungen zur Gesch. des Kaisers L. Septi-

1284 1570 885 39 mius Severus u. seiner Dynastie. 1. Bd. gr. 8. Giessen.

1281 1606 887 38 Ricker. 7. 60

1205 1642 964 33 Horawitz, A., Michael Hummelberger. Eine biograph. Skizze.

1283 1675 882 41 gr. 8. Berlin. Calvary. gr. 8 1. 50

1208 1715 969 35 Jäger, O., Abriss der neuesten Gesch. 1815–1871. gr. 8.

1286 1750 886 39 Mainz. Kunze. 1. 60

1209 1788 957 39 Krieg, der deutſch⸗franzöſische, 1870—71. Red. von der kriegs⸗

1283 1824 888 40 geſchichtl. Abth. d. großen Generalſtabs. 1. Thl.: Geſch.

1290 1861 882 39 bis zum Sturz des Kaiſerreichs. 9. Heft. gr. 8. Berlin.

1286 1896 874 40 Mittler. 6. —

1218 1932 959 37 Kühne, B., Gedenkblätter auf Dr. Heinrich Schmid, Abt von

1292 1965 873 42 Einſiedeln. gr. 8. Einſiedeln. Benziger. 1. 60

1217 2002 955 39 Müller, W., polit. Geſch. der neueſten Zeit. 1816—1875. 1.—

1280 2037 897 40 5. Lfg. gr. 8. Stuttg. Neff. à —. 50

1226 2076 949 36 Neukirch, P., das Leben des Petrus Damiani. (Teil 1.: bis

1284 2112 891 37 zur Ostersynode 1059.) gr. 8. Göttingen. Peppmüller.

2100 2143 66 36 2. 80

1218 2181 948 40 Pauli, R., Geſch. Englands ſeit den Friedensſchlüſſen v. 1814

1287 2211 897 46 und 1815. 3. Thl. (Staatengeſchichte der neueſten Zeit. 22.

1293 2247 870 48 Bd.) gr. 8. Leipzig. Hirzel. 8. —

1218 2287 964 45 Sammlung hiſt. Bildniſſe. 3. Serie. II.: Der h. Otto v.

1284 2323 882 45 Bamberg u. Apoſtel der Pommern, v. J. A. Zimmer⸗

1289 2358 870 45 mann. — III.: Fürſtabt Martin Gerbert v. St.

1299 2394 867 45 Blaſien, v. J. Bader. 8. Freib. Herder. 1. 80 resp. 1. 20

1224 2430 942 45 Scherr, J., deutſche Cultur⸗ und Sittengeſch. 6. Aufl. gr. 8.

1296 2466 870 46 Leipzig. Wigand. 8. —

1230 2503 945 45 Schön. Aus den Papieren des Miniſters und Burggrafen von

1299 2542 897 42 Marienburg Th. v. Schön. 2. Bd. (Anhang zum 1. Thl.) gr.

1293 2574 892 43 8. Berlin. Duncker. geb. 10. —

1218 2611 959 44 Sickel, Th., Alcuinstudien. I. Lex. 8. Wien. Gerold. 1. 40

1221 2649 948 43 Stieve, F., der Urſprung des 30jähr. Kriegs 1607–1619. 1.

1302 2686 886 42 Buch: Der Kampf um Donauwörth. gr. 8. München.

1298 2718 871 45 Rieger. 12. —

1230 2757 947 45 Taylor, B., Geſch. von Deutſchland. 16. Stuttg. Auerbach.

2033 2796 153 36 geb. 7. —

1227 2830 954 45 Urkundenbuch des hiſt. Vereins für Niederſachſen. 9. Heft:

1305 2868 866 43 Urkundenbuch der Stadt Lüneburg. 2. Bd. gr. 8. Han⸗

1301 2904 899 40 nover. Hahn. 6. —

1220 2939 978 44 Vely, E., Herzog Karl von Württemberg und Franziska von

1317 2971 855 45 Hohenheim. gr. 8. Stuttg. Simon. 8. —

1227 3009 944 45 Voß. S. M., Gräfin v., 69 Jahre am preußiſchen Hofe. gr. 8.

1307 3043 844 45 1. —3. Aufl. Duncker u. Humblot. 9. —

1239 3081 935 45 Werner, A., Bonifacius, der Apostel der Deutschen u. die

1293 3116 896 46 Romanisirung von Mitteleuropa. gr. 8. Leipz. Weigel. 8. —
