2387 3365
265 128 1846 232 Literariſsche Rundſchau.

200 436 402 35 Erſcheint am 15. eines jeden Mo⸗

182 472 432 36 nats. Der Abonnementspreis beträgt

285 510 239 34 3 Mark p. Semeſter.

935 427 510 39 Redigirt von Joſeph Köhler.

857 479 649 39 Verlag von Rudolf Barth in Aachen.

1010 536 348 39 Erſter Jahrgang.

1748 438 414 37 Inſerate werden mit 30 Pfennigen

1746 474 416 37 für die 2ſpaltige Petitzeile oder deren

1868 513 190 34 Raum berechnet.

183 629 1985 47 Nr. 6. Ausgegeben am 15. Juni. 1875

191 703 1974 38 Inhalt: Recenſionen und Referate: Herder’s Converſations-Lexikon. 1. Lfg. Rocholl, die Realpräſenz. Capellmann,

299 741 1863 34 de occisione foetus. Roſcher, Geſchichte der Nationalökonomik. Dühring, Geſchichte der Nationalökonomie. Pertz, Mo-

302 777 1864 36 numenta Germaniae; Scriptorum tom. XXIII. Becker, die römischen Inschriften des Mainzer Museums. Wilmans,

305 811 1858 35 Westfälisches Urkundenbuch, vierten Bandes 1. Abth. VIoet, Oorkondenboek der grafschappen Gelze en Zutfen.

299 846 1873 37 Ennen, Quellen zur Geschichte der Stadt Köln. 5. Bd. Wilmowsky, der Dom zu Trier. Waldmüller, Leib

291 877 854 42 und Luſt. — Nachrichten. — Büchertiſch. — Anzeigen.

839 967 681 73 Recenſionen und Referate.

524 1078 289 36 Encyclopädieen.

195 1138 941 40 Herder’s Converſations⸗Lexikon. Kurze, aber deutliche

284 1184 855 38 Erklärung des Wiſſenswertheſten aus dem Gebiete

278 1227 864 42 der Religion, Philoſophie, Geſchichte, Geographie,

285 1272 851 42 Sprache, Literatur, Kunſt, Natur⸗ und Gewerbekunde,

281 1316 867 41 des Handels, der Fremdwörter etc. Zweite gänzlich

275 1359 873 43 umgearbeitete Auflage. 1. Heft. A bis Albigenſer.

272 1403 868 44 Lex. 8. Freiburg. Herder. 80 S. Preis: 50 Pfg.

296 1464 847 42 In den Jahren 1854—57 erſchien zum erſten Male

189 1509 950 39 im Verlage der umſichtig⸗thätigen Herder’ſchen Verlags⸗

195 1551 947 39 handlung zu Freiburg im Breisgau ein Converſations⸗

197 1593 942 39 Lexikon in fünf Bänden; jetzt liegt nach zwanzig Jahren

191 1635 957 40 von der zweiten gänzlich umgearbeiteten Auflage das erſte

200 1679 952 42 Heft vor. Der Werth dieſes Werkes beruht vorzugsweiſe

194 1727 942 41 auf den feſtgehaltenen poſitiven chriſtlichen Grund⸗

210 1771 929 43 ſätzen und auf der inneren Einheit. Auf verhält⸗

194 1820 954 40 nißmäßig kleinem Raume ſind eine große Anzahl von

194 1863 954 43 wiſſenſchaftlichen Artikeln zuſammengedrängt, ſo daß man

200 1910 945 41 faſt von einer abſoluten Vollſtändigkeit reden kann. Man

194 1955 954 40 findet in dieſem erſten Hefte eine zwar kurze, aber doch

197 1998 939 40 völlig unterrichtende Auskunft über alle diejenigen Gegen⸗

200 2042 942 41 ſtände, welche während des täglichen Lebens oder bei dem

197 2086 939 43 Leſen wiſſenſchaftlicher Schriften vorkommen. Eine ange⸗

207 2131 942 40 ſtellte Vergleichung mit dem erſten jetzt in zwölfter ver⸗

200 2177 939 41 mehrter Auflage erſcheinenden Converſations⸗Lexikon von

195 2220 942 42 F. A. Brockhaus, ſowie mit dem wiſſenſchaftlich gediegene⸗

201 2267 948 40 ren und umfaſſenderen Staats⸗ und Geſellſchafts⸗Lexikon

200 2312 945 38 von Wagner hat bereits ergeben, daß das kleinere Her⸗

194 2357 951 40 der’ſche Converſations⸗Lexikon auf 86 Seiten mehr Ar⸗

204 2402 945 40 tikel enthält, als bis zur entſprechenden alphabetiſchen

200 2447 945 40 Reihenfolge dieſe beiden, nach einem größeren Maßſtab

191 2493 948 39 angelegten Real⸗Encyclopädieen. Bei Wagner fehlt z. B.

201 2532 942 42 Herder’s letzter Artikel Albigenſer. — Die Darſtellung

209 2581 943 39 iſt nicht nur Jedem, der wiſſenſchaftliche Bildung ge⸗

194 2625 957 40 noſſen hat, verſtändlich, ſondern wird in ihrer elegan⸗

198 2669 948 40 ten Knappheit auch von den Gebildeten mit Intereſſe

207 2715 939 40 geleſen werden. Bemerkt ſei nur, daß neuere Schriftſteller

195 2760 951 37 den Namen der angeſehenen corſiſchen Familie Aba⸗

200 2802 951 42 tucci ſchreiben, nicht wie S. 5 gedruckt iſt, Abbatucci.

210 2847 936 42 Bei Abeken S. 8 konnte der Neffe des Schulraths

209 2892 945 42 Abeken, der Geheime Legationsrath im Miniſterium der

203 2936 945 44 auswärtigen Angelegenheiten zu Berlin, Heinrich Abeken,

206 2982 943 43 geboren am 19. Auguſt 1809 zu Osnabrück, wohl genannt

206 3027 948 43 ſein; denn ſeine gewandte Feder hat den größten Theil der

212 3071 936 47 Denkſchriften und Noten abgefaßt, welche die preußiſche

200 3116 960 47 Regierung in der deutſchen Sache ſeit dem Jahre 1850

1211 1071 951 37 bis in die neueſte Zeit erließ; er iſt bekanntlich am 8. Au⸗

1209 1120 950 33 guſt 1872 geſtorben. Er war, wie Referent aus eigener

1214 1164 951 34 Kenntniß der ganzen Familie bezeugen kann, geiſtig bedeu⸗

1208 1208 969 38 tender, als der genannte Vetter Wilhelm Abeken. Anfangs

1220 1253 954 37 zum Theologen beſtimmt, hat er ſpäter während ſeiner po⸗

1215 1298 959 38 litiſchen Thätigkeit doch das Intereſſe an der Theologie

1212 1340 953 41 und an dem kirchlichen Leben des deutſchen Volkes niemals

1217 1386 120 34 verloren.

1317 1431 852 39 Da in unſeren Tagen Niemand, welcher eine wiſſen⸗

1217 1477 951 38 ſchaftliche Bildung anſtrebt, eines encyclopädiſchen Füh⸗

1217 1519 949 38 rers wird entbehren können, die Mehrzahl unter den Be⸗

1224 1560 939 42 lehrung ſuchenden Leſern größere Wörterbücher aber wegen

1208 1600 954 45 beſchränkter Zeit zu weitläufig findet, ſo können die wenigen

1211 1645 957 42 klaren und beſtimmten Artikel des Herder’ſchen Conver⸗

1223 1688 939 48 ſations-Lexikons am zweckmäßigſten und practiſchſten unter⸗

1217 1736 946 47 richten. Sei das Werk, deſſen Fortgang hoffentlich raſch

1214 1781 775 44 erfolgen wird, daher angelegentlichſt empfohlen.

1254 1829 873 47 Frankfurt a. O. Rudloff.

1323 1919 840 41 Herder’s Converſations⸗Lexikon hat ſich bei ſeinem

1220 1964 960 40 erſten Erſcheinen eines allgemeinen Beifalls zu erfreuen

1211 2007 969 42 gehabt. Wir zweifeln keinen Augenblick, daß der neuen

1223 2052 945 40 Auflage eine mindeſtens gleiche Anerkennung, auch bei den

1223 2097 946 39 geſteigerten Anforderungen der Gegenwart, in Ausſicht

1223 2142 942 37 ſteht. In der eben erſchienenen Lieferung iſt überall das

1224 2184 941 39 Walten einer ſichtenden, berichtigenden und ergänzenden

1226 2229 936 39 Hand erkennbar. Eine Anzahl Artikel von geringfügigem

1217 2274 955 36 Intereſſe iſt ausgeſchieden, und viele der beibehaltenen Ar⸗

1224 2317 947 41 tikel haben eine durchaus rationelle Kürzung erfahren. Für

1214 2361 945 40 den Ausfall wird der Käufer dieſer Auflage durch eine

1217 2406 957 42 Menge Erweiterungen, Zuſätze und ganz neuer Artikel

1208 2450 924 43 aus den verſchiedenſten Gebieten überreich entſchädigt. 1)

1217 2496 954 42 Manche Artikel der alten Auflage, darunter gerade die um⸗

1229 2539 939 46 fangreichſten, ſind völlig neubearbeitet. 2) Alles zuſammen⸗

1319 2659 849 48 1) Es mögen hier beiſpielsweiſe genannt werden: Abano,

1220 2695 954 47 Abelin, Abendmahlsſtreit, Abgeordneter, Ablaßprediger, Accoram⸗

1220 2731 942 48 boni, Achenbach, Achtermann, Acidalius, Acta, Acton⸗Dalberg,

1214 2766 948 48 Additional, Adansonia, Adelardus, Adelburg, Adhäſion in juriſt.

1214 2802 960 48 Bed., Adminiſtrations⸗Juſtizſachen, Adminiſtrationsbehörden, Ad⸗

1220 2836 952 50 rumetum, Aequiprobabilismus, Agents provocateurs, Agger,

1220 2872 945 48 Agglutination in linguiſt. Bed., Agoult, Aguas calientes, Agui⸗

1214 2908 952 47 lar, Ahlborn, Ahlquiſt (A. E.), Ahn, Ahmedabad, Ahrens (H.,

1223 2943 954 46 Juriſt). Aiblinger, Aino, Aïr, Aiwali, Alabama (Kaperſchiff),

1229 2979 945 45 Alacoque, Alatau, Alaska, Albatani, Albergati, Alberdingk⸗

1229 3015 849 45 Thym, Albert (Photograph), Albert (König von Sachſen).

1367 3049 804 45 2) So die Artikel: Ablaß, Africa, Afghaniſtan, Aeſtima⸗

1226 3085 946 44 toriſche Klage, Aeſchylus, Aegypten, Advocat, Adelaide, Adcita⸗

1217 3123 795 42 tion, Acht, Abraham a. S. Clara, Adam, Albigenſer.
