2365 3351
1167 160 72 33 124

491 276 399 33 Kunſt. Kunſtgeſchichte.

203 321 958 39 Köhler, H., polychrome Meisterwerke der monumentalen

272 357 879 36 Kunst in Italien vom 5.—16. Jahrh. 1. Heft. 2. Aufl.

276 390 827 40 Imp. Fol. Leipzig. Baumgartner, 30. —

201 427 947 42 Lobe, J. C., Lehrbuch der musik. Composition. 1. Bd. 4.

267 463 888 39 Aufl. gr. 8. Leipzig. Breitkopf u. Härtel. 10. —

206 501 943 39 Marx, A. B., musikal. Kompositionslehre. 1. ThI. 8. Aufl.

267 534 869 43 gr. 8. Leipzig. Ebendas. 12. —

201 574 951 38 Matthias, J., die Formensprache des Kunstgewerbes. 4. Lieg-

276 606 845 40 nitz. Cohn. 8. —

200 645 961 39 Richter, E. F., prakt. Studien zur Theorie der Musik. II.

273 684 879 34 Lehrbuch der einf. u. dopp. Contrapunkts. 2. Aufl. gr. 8.

278 721 832 35 Leipz. Breitkopf u. Härtel. 3. —

525 780 326 34 Literaturgeſchichte.

198 828 951 37 Gildemeiſter, C. H., Johann Georg Hamann’s, des Magus im

264 865 899 36 Norden, Leben u. Schriften. 1. Bd. 1730—1764. 2. Ausg.

278 898 847 44 gr. 8. Gotha. F. A. Perthes. 3. —

201 936 954 39 Grangier, Histoire abrégée et élémentaire de la littérature

270 972 888 37 française. 5. ed. gr. 8. Leipzig. Brockhaus. 3, 50 Mark.

1001 1005 156 36 geb. 4. 50

195 1045 957 36 Grisebach, E., die deutsche Literatur 1770—1789. gr. 16.

284 1078 859 41 Wien. Rosner. 6. —

204 1117 951 39 Paoli, B., Grillparzer u. ſeine Werke. 8. Stuttgart. Cotta. 1. 50

582 1186 195 36 Philologie.

197 1236 961 34 Beiträge zur Gesch. der deutschen Sprache u. Lit. Hrsg. v.

266 1272 886 34 H. Paul u. W. Braune. 2. Bd. 2. Heft. gr. 8. Halle.

275 1305 885 37 Lippert. 3. 60.

198 1344 953 36 Braune, W., althochdeutsches Lesebuch. gr. 8. Ebendas.

1079 1375 46 32 4. —

195 1413 956 40 Brugsch-Bey, H, l’exode et les monuments Egyptiens. gr. 8.

278 1446 843 40 Leipzig. Hinrichs. 4. —

192 1485 969 40 Bursian, C., über den relig. Char. des griech. Mythos. gr. 4.

276 1527 240 34 München. Franz. 1. —

207 1557 941 42 Ciceronis de oratore libri 8. Erkl. v. G. Sorof. 1. Bdchen.

276 1594 881 42 gr. 8. Berlin. Weidmann. 1. 80

201 1632 954 39 Guhl, E., u. W. Koner, das Leben der Griechen u. Römer

273 1671 878 36 nach antiken Bildwerken dargestellt. 4. Aufl. 1. Lfg.

276 1705 837 39 gr. 8. Ebendas. 1. —

198 1736 951 41 Herodot’s Geſchichten. Deutſch von H. Stein. 2 Bde. gr. 8.

275 1770 838 40 Oldenburg. Schmidt. 9. —

204 1809 951 37 Stenzler, A. F., Elementarbuch der Sanskritsprache. 3. Aufl.

288 1846 326 36 gr. 8. Breslau. Mälzer. 5. —

191 1881 957 40 Zupitza, J., Einführung in das Studium des Mittelhochdeutſchen.

263 1921 847 35 2. Aufl. 8. Oppeln. Reiſewitz. 2. —

512 1978 330 36 Schöne Literatur.

194 2028 966 36 Bronner, B., Memoiren eines Todtenkopfs. 2 Bde. 8. Mainz.

261 2067 141 33 Kirchheim. 6. —

192 2101 963 36 Dewall, J. van, ein Frühlingstraum. Roman. gr. 8. Stuttgart.

287 2137 867 39 Hallberger. 4. 50.

204 2175 954 34 Hillern, W. v., die Geier⸗Wally. Eine Geſch. aus den Tyroler

282 2209 833 39 Alpen. 2 Bde. gr. 8: Berlin. Pätel. 7. —

204 2244 950 40 Hopfen, H., Juſchu. Roman. 8. Stuttg. Hallberger. 4. 50

209 2281 955 42 Jókai, M., Mein, Dein, Sein. Roman. 5 Bde. 8. Berlin. Janke.

1083 2313 72 34 12. —

206 2353 958 42 Schücking, L., Feuer u. Flamme. Roman. 3 Bde. 8. Stuttgart.

264 2389 891 42 Simon. 13. 50

203 2425 952 41 Tauchnitz Collection. 16. Vol. 1491. 92: Sylvia’s choice,

282 2460 876 40 Theresa. By G. M. Craik. — 1493. 94: The way we

282 2497 878 39 live now by A. TroIIope. — 1495: The wandering

269 2535 888 37 heir by Ch. Reade. — 1496: The Gosan Smithy and

276 2571 875 37 other Stories by Mrs. Parr. — 1497. 98: Three fea-

269 2607 898 40 thers by W. BIack. à 1. 60

1214 261 954 37 Temme, J. D. H., Aus grauer Heide. Criminalgeſch. 2 Bde.

1298 295 511 35 8. Berlin. Wedekind u. Schwieger. 7. —

1218 333 966 34 Turgénjew, J., Skizzen aus dem Tagebuche eines Jägers. 2

1295 364 838 39 Thle. 8. Mitau. Behre. 9. —

1218 402 966 36 Wichert, E., das grüne Thor. Roman. 3 Bde. 8. Jena. Coſte⸗

1302 438 873 39 noble. 13. 50.

1616 480 229 36 Prachtwerke.

1224 528 954 39 Köhler, C. P. C., der Königsee, Berchtesgaden u. die Ram-

1284 565 897 36 sau. Mach Aquarellen. Mit Schilderungen von M. Haus-

1295 603 834 39 hofer. qu. Fol. geb. 15. —

1578 646 252 32 Verſchiedenes.

1221 693 951 37 Dieterici, F., Wissenschaft der Araber. gr. 8. Leipzig. Hin-

1289 727 888 42 richs. 5. 60

1331 831 846 36 In der Herder’ſchen Verlagshandlung in Freiburg iſt

1215 868 825 36 erſchienen und durch alle Buchhandlungen zu beziehen:

1233 949 948 39 Janſſen, J., Zeit- und Lebensbilder.

1379 1017 633 34 8⁰. (XXI u. 522 S.) Preis: 6 Mark.

1335 1056 840 36 Vorſtehendes Buch enthält folgende zwölf Abhandlungen

1232 1092 943 37 literar⸗ und kulturhiſtoriſchen und politiſchen Inhalts: 1. Eine

1226 1128 957 37 Culturdame und ihre Freunde (Forſter, die beiden Schlegel,

1221 1162 959 39 Schelling u. ſ. w.). 2. Alexander von Humboldt im Verkehr mit

1223 1198 957 41 ſeinen Freunden. 3. Der Philoſoph Schopenhauer, aus perſön⸗

1218 1233 966 40 lichem Umgang dargeſtellt. 4. Selbſtbekenntniſſe aus dem Leben

1218 1269 963 40 und den Briefen des Fürſten von Pückler⸗Muskau. 5. Aus Karl

1230 1306 957 41 Ritter’s Leben und Briefen. 6. Ein ruſſiſches Dichterleben. 7.

1227 1341 948 39 Erinnerungen an einen deutſchen Capuziner. 8. Politiſche und

1227 1378 942 38 kirchliche Anſchauungen der preußiſchen Diplomaten Nagler und

1226 1413 958 37 Rochow. 9. Friedrich Chriſtoph Dahlmann und ſein Briefwechſel

1217 1450 964 36 mit Friedrich Wilhelm IV., 10. Freiherr von Bunſen und ſein

1230 1486 954 35 Verhältniß zu Friedrich Wilhelm IV. II. Friedrich Wilhelm’s

1226 1522 952 35 IV. politiſche und regeliöſe Geſichtspunkte. 12. Gervinus über

1226 1561 460 35 Deutſchland und ſeine Zukunft.

1331 1662 843 34 In der Herder’ſchen Verlagshandlung in Freiburg iſt

1233 1698 813 37 erſchienen und durch alle Buchhandlungen zu beziehen:

1232 1728 952 66 Kirche, die katholiſche, und der „Altkatholicismus”. Ver⸗

1416 1767 768 33 glichen nach ihrer Vergangenheit, Gegenwart und

1419 1801 759 35 Zukunft. Ein Wort an das Volk von einem Volks⸗

1415 1836 771 36 freunde. Zweite Aufl. gr. 8⁰. (28 S.) —. 15

1241 1872 942 70 Stolz, A. A B C für große Leute. Kalender für Zeit

1502 1911 676 34 und Ewigkeit 1864. Fünfte Auflage, neu zu⸗

1496 1944 673 39 gerichtet mit groben Bildern. 8⁰. (140 S.

2091 1977 84 36 —. 50

1259 2019 916 36 — Das Vaterunſer. Zweiter Theil. Kalender für

1503 2055 681 39 Zeit und Ewigkeit 1846. Zwölfte Auflage. 8⁰.

1505 2088 679 43 (112 S.) —. 50

1229 2127 948 72 Schegg, Dr. P. Sechs Bücher des Lebens Jeſu.

1668 2164 516 36 Zweiter (Schluß⸗) Band. Mit einer

1674 2199 506 37 Karte. 8⁰ (VIII u. 616 S.) 4. 40

1665 2235 524 39 Das vollständige Werk, 2 Bände:

2115 2271 75 30 8. 40

1224 2310 963 67 Weber, J. Die Eheſcheidung nach dem geltenden ge⸗

1527 2346 654 37 meinen Kirchenrechte. Für den Kuratklerus

1533 2382 638 39 practiſch dargeſtellt. gr. 8⁰. (IX u. 95 S.

2117 2415 66 33 1. 20

1282 2455 899 41 — Die kanoniſchen Ehehinderniſſe nach dem

1521 2490 672 40 geltenden gemeinen Kirchenrechte. Für den

1530 2526 666 40 Kuratklerus practisch dargeſtellt. Zweite, mit

1530 2565 648 37 der Eheſcheidungslehre vermehrte Ausgabe.

1526 2599 663 41 gr. 8⁰. (IX u. 460 u. XCV S.) 6. 60

812 2703 778 36 Zur Nachricht!

420 2772 1769 42 Die ‚Literariſche Rundſchau’ tritt mit Nr. 7, welche am 15. Juli ausgegeben werden ſoll, in ihr

207 2818 1980 41 zweites Semeſter. In dem jetzt abgeſchloſſenen erſten haben wir ſchon zu unſerer Freude den Umfang des

209 2863 1980 39 Blattes bedeutend über das im Proſpectus verſprochene ausdehnen können; und das zweite Semeſter wird

215 2905 1740 47 ſtatt aus ſechs aus acht Nummern à 1 Doppelbogen beſtehen, ohne daß der Preis erhöht wird.

426 2955 1760 37 Die Buchhandlungen und Poſtanſtalten nehmen noch fortwährend Abonnements auf den completen

191 2997 1740 46 Jahrgang 1875 entgegen. Einzelne Semeſter ſind nur durch die Buchhandlungen zu beziehen.

426 3048 909 37 Paderborn und Aachen, den 15. Juni 1875.

317 3090 1758 43 Die Redaction. Die Verlagshandlung.

399 3148 1589 39 Verantwortlicher Redacteur Joſeph Köhler in Paderborn. — Druck von Franz Joſ. Urlichs in Aachen.
