2364 3351
1133 141 60 33 254

174 252 950 37 nennen als einen derjenigen, welche er in der vorliegenden

176 297 945 37 Frage ſo energiſch bekämpft. Nichtsdeſtoweniger muß ich

168 342 956 36 bekennen, daß die Anſchauungen, auf welchen mein mit

171 387 947 34 Calderon’s Luſtſpiel ‚Die Dame Kobold’ (Wien, Sar⸗

164 432 954 36 tori, 1869) gemachter Verſuch beruht, auch jetzt noch, und

161 477 957 34 auch durch Lorinſers gegenwärtige, ſo verdienſtvolle Arbeit

170 523 951 33 bei mir nicht erſchüttert ſind. Ich halte es für unmöglich,

161 567 954 34 daß ein Drama, welchem der kurze vierfüßige Trochäus

158 612 958 34 als weſentliche Form zu Grunde liegt, jemals in deutſcher

180 658 936 35 Sprache vollſtändig fließend und geläufig wiedergegeben,

167 702 961 36 geſprochen und aufgeführt werde; ich halte das deutſche

162 747 960 36 Ohr für unfähig, die ſpaniſche Aſſonanz bei deutſchen Wor⸗

161 793 957 33 ten zu verſtehen und zu genießen, und ich halte es endlich

159 837 963 34 für eine ſchlechthin unerfüllbare Forderung, alle die kunſt⸗

167 882 954 34 reichen und ſchwierigen poetiſchen Formen Calderon’s in

167 928 955 35 ſchönem und ungezwungenem Deutſch wiederzugeben.

1307 249 847 34 Allein ich will hier nicht ſtreiten; ſehr möglicher

1194 295 966 32 Weiſe beruht meine Anſicht nur auf dem Umſtand, daß ich

1203 339 948 36 die Sache zwar verſucht habe, jedoch zu ungeſchickt und zu

1203 384 957 36 wenig ſprachgewandt war, um ſie auch nur zu meiner eige⸗

1194 429 969 37 nen Zufriedenheit fertig zu bringen. An dem wahren

1187 472 964 36 und großen Verdienſte des Lorinſer’ſchen Unternehmens

1190 519 970 36 ſoll durch obige Bemerkungen nicht im Geringſten gemäkelt

1193 564 970 36 werden. Ich wünſche der Sammlung den glänzendſten

1212 610 936 36 Erfolg und die weiteſte Verbreitung; ſie kann, wo immer

1209 655 945 36 ſie geleſen wird, nur Gutes wirken, und wenn die Leſer

1193 699 955 39 zu der Ueberzeugung kommen ſollten, daß meine ſprach⸗

1199 744 949 36 lichen und metriſchen Bedenken nicht begründet ſind, dann

1203 787 948 36 wird Niemand eine aufrichtigere Freude empfinden, als

1199 838 139 33 ich ſelbſt.

1301 879 753 39 Conſtanz. Baumſtark.

1019 1068 291 31 Nachrichten.

260 1123 856 33 — Der rühmlichſt bekannte Grundriß der ‚Metaphyſik

158 1159 974 32 von Dr. G. Hagemann iſt in der ſo eben erſchienenen drit⸗

162 1194 960 34 ten Auflage (Freiburg, bei Herder) um einen Druckbogen ver⸗

164 1230 958 33 mehrt. Das Ganze iſt von neuem ſorgfältig durchgearbeitet; eini⸗

161 1264 961 35 ges verkürzt, anderes erweitert; Veränderungen und Erweite⸗

155 1300 958 33 rungen finden ſich u. a. bei der Behandlung des Accidens im

155 1335 970 33 Verhältniß zur Subſtanz, der Darwin’ſchen Theorie, des Ma⸗

156 1371 960 31 terialismus, des teleologiſchen Gottesbeweiſes, des Schöpfungs⸗

165 1405 951 33 werkes. Ueberall iſt das Streben größerer Deutlichkeit und Be⸗

148 1440 327 37 ſtimmtheit erkennbar.

267 1476 845 33 — Das Shakespeare-Lexicon von Alexander

165 1513 953 36 Schmidt (a complet Dictionary of all the english words,

161 1551 964 33 phrases and constructions in the works of the poet), eine

162 1588 960 33 Leiſtung erſten Ranges, iſt mit dem ſo eben erſchienenen zweiten

158 1626 423 33 Bande vollſtändig geworden.

244 1662 866 33 — (Perſonalnotizen.) Von Marburg aus wurde

156 1698 960 33 kürzlich der Tod des dortigen Profeſſors der Philoſophie Dr.

159 1731 964 34 Friedrich Albert Lange (geb. am 28. Sept. 1828) gemel⸗

162 1764 950 34 det. Von ſeinem Hauptwerke: ‚Geſchichte des Materialismus

156 1800 953 34 ſeit Kant und Kritik ſeiner Bedeutung in der Gegenwart’ 3 Bde.

162 1836 948 33 liegt ſeit kurzem die bedeutend vergrößerte zweite Auflage vollſtändig

159 1870 947 36 vor. (3 Bde. 1873–75). Das Werk bietet ein äußerſt fleißig

158 1908 948 34 zuſammengetragenes reiches Material, literärgeſchichtliches und

167 1944 943 34 laturwiſſenſchaftliches. Der Verf. will nicht Materialiſt ſein,

158 1981 949 32 aber ſein Buch dient wie kaum ein anderes der Verbreitung

155 2017 960 33 materialiſtischer Anſchauungen. Der Materialismus gilt ihm

156 2053 957 33 als allein berechtigtes methodologiſches Princip in der Erfor⸗

144 2089 966 33 ſchung der Natur; als abſchließende Weltanſicht will er ihn ei⸗

161 2125 954 33 nerſeits durch einen theoretiſchen Scepticismus, andererſeits

155 2160 958 36 durch die Würdigung der Poeſie und der — freilich lediglich

152 2199 955 31 ſubjectiv verſtandenen — Religion, als gleichberechtigter Erzeug⸗

162 2233 945 35 niſſe der menſchlichen Geſammtorganiſation überwinden. Wo das

162 2269 945 35 Werk auf poſitive Religion und deren Inſtitute zu reden kommt,

152 2305 961 35 wird es zum haßerfüllten Pamphlet. — Am 24. Nov. entriß

159 2340 951 36 der Tod der Kirche einen ihrer erleuchteteſten, frömmſten und tha⸗

159 2376 954 36 tenreichſten Würdenträger, dem öſterreich. Kaiſerſtaate einen ſei⸗

156 2410 954 38 ner edelſten Patrioten, der Wiſſenſchaft eine ihrer hervorragenſten

164 2448 949 39 Zierden — den Cardinal Fürſterzbiſchof von Wien Joſeph

158 2482 949 38 Othmar Ritter von Rauſcher. Der Verewigte war am

152 2517 961 39 6. October 1799 zu Wien geboren. Nach Vollendung der Gym⸗

155 2554 961 39 naſialſtudien machte er einen juriſtiſchen Curſus durch, und wid⸗

1190 1116 964 39 mete ſich dann mit glänzendem Erfolge der Theologie und Phi⸗

1200 1152 950 39 loſophie neben welchen er mit Vorlieben das geſchichtliche Fach

1197 1188 957 39 cultivirte. Am 21. Aug. 1823 zum Prieſter geweiht, wirkte er

1200 1225 948 39 zunächſt faſt zwei Jahre als Seelſorger in Hütteldorf, worauf

1186 1261 971 36 er zum Profeſſor der Kirchengeſchichte und des Kirchenrechts in

1194 1297 957 35 Salzburg ernannt wurde. In dieſer Sellung veröffentlichte er

1188 1330 966 39 (1829) zwei Bände einer nach großem Plane angelegten Kir⸗

1197 1366 962 39 chengeſchichte, mit denen er bis auf die Zeit Juſtinianz hin⸗

1199 1404 955 34 abgelangte. An der Fortſetzung dieſes Werkes wurde er durch

1188 1438 960 33 die 1832 erfolgende Berufung zum Director der k. k. orientaliſchen

1203 1473 945 34 Akademie gehindert. Am 15. April 1849 wurde er zum Fürſt⸗

1197 1509 968 34 biſchof von Seckau (Graz) conſecrirt, am 15. August 1858 auf

1203 1545 951 34 dem erzbiſchöflichen Stuhle von Wien inſtallirt. Hatte er ſchon

1196 1584 952 33 früher ſeinen Einfluß geltend gemacht, um die Kirche aus den

1202 1618 942 38 Feſſeln des Joſephinismus zu befreien, ſo verdoppelte er nun

1188 1654 954 38 ſeine Bemühungen in dieſer Richtung. Das Concordat von 1855

1191 1690 963 36 war hauptſächlich ſein Werk; er war daher ſeit dem Abschluſſe

1191 1726 960 35 desſelben auch unaufhörlich die Zielſcheibe der Beſchimpfungen

1190 1761 957 34 und Verdächtigungen von Seiten der liberalen Parteien. 1859

1188 1795 960 33 verſammelte er ein Provincialconcil, um eine Reform ſeiner

1196 1831 954 33 Kirchenprovinz im Sinne des Concordats und der canoniſtiſchen

1194 1869 957 30 Satzungen in’s Werk zu ſetzen. Als im J. 1867 die Schul⸗

1194 1905 948 31 und Ehegeſetze discutirt wurden, vertrat er mit den übrigen

1188 1941 954 31 Biſchöfen den kirchlichen Standpunkt in wiederholten Adreſſen

1184 1975 957 36 an den Kaiſer. Er brachte es zu Stande, daß die Maigeſetze

1191 2011 957 36 des J. 1874 nicht ein Abklatſch der preußiſchen wurden und

1188 2047 948 36 ein modus vivendi zwiſchen Kirche und Staat ſich ausfindig

1188 2085 951 34 machen ließ. Als Politiker befand ſich Rauſcher mit den meiſten

1196 2119 949 38 Biſchöfen der weſtlichen Reichshälfte, welche dem Föderalismus

1196 2157 951 36 huldigten, in Widerſpruch; er glaubte, an der gegebenen Ver⸗

1186 2190 967 39 faſſung feſthaltend, im Intereſſe der Conſolidirung des Kaiſer⸗

1174 2227 965 36 ſtaats das centraliſtiſche System unterſtützen zu müſſen. Das

1182 2265 965 34 kirchliche Leben in ſeinem Sprengel verdankt ihm weſentliche

1187 2299 958 36 Förderung. Perſönlich war er ein Mann des Gebets und der

1188 2337 953 34 Asceſe, ſeine Gelehrſamkeit umfaſſend und tief. Als beredtes

1202 2373 946 36 Zeugniß ſeiner geiſtigen Bedeutung hat er ſeine Reden, Hir⸗

1181 2407 957 38 tenbriefe und Predigten hinterlaſſen, von denen die erſte

1187 2445 961 36 Folge 1858 in Wien bei Manz und 1860 in wohlfeilerer Aus⸗

1186 2482 958 36 gabe bei Braumüller erſchien. Von der zweiten Folge iſt im

1188 2515 954 41 Laufe dieſes Jahres der erſte Band erſchienen. (Wien, Brau⸗

1184 2554 115 35 müller.)

1023 2688 282 39 Büchertiſch.

320 2763 649 40 Encyclopädieen und Sammelwerke.

168 2796 948 45 Bibliothek, internat. wissensch. 18. Bd.: Die Schmarotzer

237 2833 892 44 des Thierreichs, von P. J. van Beneden. 8. Leipzig.

234 2869 875 44 Brockhaus. 5 Mark. geb. 6. —

168 2908 960 41 Biographie, allg. deutſche. 10. Lfg. Lex. 8. Leipzig. Duncker u.

227 2946 898 33 Humblot. 2. 40

450 2992 386 36 Katholiſche Theologie.

161 3027 952 40 Falise, J. B., Liturgiae praet. compendium. Ed. 2 gr. 8.

246 3063 870 33 Regensburg. Manz. 7. 60

168 3100 948 38 Fröhlich, J., der neue Katechismus, wie er unſerer Zeit noth

224 3135 903 39 thut. gr. 8. Kempten. Köſel. 2. 10

1203 2755 944 41 Guéranger, D. P., das Kirchenjahr. Lfg. 8. 8. Mainz. Kirch⸗

1271 2794 874 33 heim. 1. 40

1203 2829 960 39 Heinrich, J. B., Dogmatiſche Theologie. 2. Bd. 1. Abth. gr. 8.

1274 2866 877 36 Ebendaſ. 3. 40

1190 2901 960 39 Hoppe, J. J., das Gewiſſen. gr. 8. Regensb. Manz. 4. 80

1193 2935 954 41 Neumann, P., das Loben unseres Herrn und Heilandes Jesu

1263 2971 888 39 Chr. 2. Thl. Lex. 8. Prag. Urbanek. 5. 60

1461 3025 423 36 Akatholiſche Theologie.

1191 3064 963 38 Achelis, E., die Bergpredigt nach Matthäus u. Lucas. Exe-

1266 3102 888 36 getisch u. kritisch untersucht gr. 8. Bielefeld. Velhagen

1253 3138 905 37 u. Klasing. 8. —
