1401 2483
314 191 1054 239 Zeitschrift
639 276 705 323 für
392 428 950 479 Philoſophie
588 503 741 556 und
170 677 1188 727 katholiſche Theologie.
407 793 916 839 In Verbindung mit den Herren:
118 859 1220 894 Prof. Baltzer in Breslau, Prof. Biunde, Prof. Boner, Dom⸗
127 907 1221 942 capitular und Präſes Braun in Trier, Domcapitular und Prof.
119 952 1215 989 Brockmann in Münſter, Regierungs⸗ und Schulrath Brüggemann
121 1000 1208 1034 in Coblenz, Prof. Elvenich in Breslau, Prof. Eſſer in Münſter,
127 1043 1220 1079 Subregens Gau in Köln, Prof. Geſellghen in Limburg, Prof.
117 1087 1218 1123 Kaufmann in Bonn, Prof. Kreuſer in Köln, D. Kutzer in
119 1132 1206 1170 Breslau, Prof. G. Müller in Trier, Prof. J. Müller in Breslau,
119 1180 1212 1216 Domcapitular München in Köln, Prof. Neuhaus in Münſter,
121 1228 1219 1264 D. Pabſt in Wien, Propſt Regenbrecht in Königsberg, Domcapitular
120 1275 1221 1313 und Prof. Ritter in Breslau, D. Ritter in Bonn, Prof. Roſen⸗
116 1321 1217 1357 baum in Trier, Director Savels in Eſſen, Prof. Scheill in Brauns⸗
115 1367 1219 1404 berg, Domcapitular u. Regens Schweitzer in Köln, D. Smets in Her⸗
116 1414 1216 1455 ſel, Director Soekeland in Coesfeld, Prof. Welter in Münſter u. A.,
523 1480 817 1529 herausgegeben von
233 1558 1101 1610 D. Achterfeldt, D. Braun, D. von Droste
377 1612 952 1664 D. Scholz und D. Vogelſang,
181 1684 1157 1725 Profeſſoren an der Rheiniſchen⸗Friedrich-Wilhelms⸗Univerſitaͤt
600 1736 754 1777 in Bonn.
474 1905 856 1966 Erſtes Heft.
497 2072 831 2119 Köln, 1832.
211 2128 1126 2182 Druck und Verlag von M. DuͤMont⸗Schauberg.
