1343 2397
1126 167 1178 211 19
389 169 879 214 Leben und Wirken.
96 254 1184 300 ſich der Mühe lohnte, in ſeinen Vorträgen wiſſenſchaftlich
97 309 1188 356 würdigte. Durch manche dankbare Anerkennung ſeines heil⸗
95 366 1176 411 ſamen Lehrereinfluſſes wurde er hinreichend entſchädigt. Nur
95 419 1181 467 ein Beiſpiel hiervon in einem Gedichte, welches ein Unge⸗
101 474 1190 521 nannter ihm am 18. Auguſt 1812 an ſeine Thür befeſtigt hatte:
247 536 1050 582 Dem gefeierten Hermes, als Nachklang.
105 590 1115 641 Nein — ich halte mich nicht; ich muß mit ſtammelndem Munde,
186 643 534 687 Edler Vater! (verzeih,
98 681 1042 734 Daß ich Vater dich nenne, der du deine Schüler ſo liebeſt)
186 736 576 778 Edler Vater! mein Herz
103 775 1031 827 Dir ausgießen. Mein ſanfteres Lied als ſchmeichelnde Lieder
180 829 616 870 Sey dir, Hermes, geweiht!
101 864 1054 919 Wie wenn in dunkler Nacht der Wandrer einſam umherirrt,
194 925 619 963 Und das Ziel nicht erreicht,
106 957 1050 1010 Wie alsdann der Mond aus nächtlichen Wolken hervortritt,
188 1017 639 1050 Und ihm die Wege zum Ziel
111 1052 1087 1100 Weit erleuchtet, ſo leuchtet auch mir deine Sprache zum Ziele
191 1104 499 1139 Göttlicher Religion;
114 1149 980 1193 Mir, der ich einſam vorher, ein Zweifler, irrige Wege
193 1201 492 1238 Ohne Ruhe betrat.
114 1245 930 1289 Dank dir, Philoſoph! Du haſt die Kantiſchen Fehle
202 1299 664 1335 Schon des Schleiers beraubt,
116 1339 1077 1384 Der des Menſchen denkenden Geiſt betäubte. — So glänzte
192 1391 658 1427 Dieſer Schleier dem Wahn. —
118 1439 1066 1474 Jetzt liegt der Schleier des Wahns; die geſchleierten Fehle
192 1485 630 1521 Liegen dem Auge jetzt bloß.
111 1534 1150 1569 Dank, du der Weisheit Liebling, ſey dir! — Ich grübelte, irrte,
202 1579 548 1614 Ach, tiefdenkend allein
120 1625 1040 1661 Im Labyrinthe des Zweifels; jemehr ich wallte, je tiefer
198 1669 689 1706 Ward ich im Irrgang verwirrt.
122 1712 1101 1755 Du haſt mir den Faden gedreht — ich entkam. Der Erlöſer
195 1759 612 1795 Iſt nun Erlöſer auch mir.
122 1808 1090 1845 Dem du mich zurück haſt geführt, dem ſey mein Gebet auch,
202 1854 631 1889 Würdiger Lehrer, für dich! —
122 1903 931 1942 Lebe, wie du bis jetzo gelebt, dein Leben zu Ende,
212 1948 635 1987 Sey der Jünglinge Schutz!
119 1995 1011 2032 Wer an deiner Hand der Weisheit Wege durchſchwebet,
201 2041 618 2082 und dich, Führer, verläßt,
119 2091 1222 2131 Dem ſey Fluch! — Doch, nein! ich beleidigte dich, wenn ich wähnte,
206 2132 796 2180 Daß du mit Fluchen dich rächteſt —
