1342 2397
1115 175 1183 217 29
399 178 873 226 Leben und Wirken.
98 259 1182 319 ich nicht erlöſ't von der ſterblichen Hülle, die unten geblie⸗
100 315 1185 374 ben, und nicht hinaufzuſteigen vermag. Nur zum Glauben
102 369 1185 427 ward ich geführt und ſoll nun erſt hieniedrn kämpfen und
105 424 1191 482 ſiegen im Glauben. Gern will ich kämpfen, o mein Gott!
102 479 1189 534 wenn es anders noch Kampf iſt, nachdem ich Dich und mich
111 535 1193 588 und die Natur erkannt. Denn wer iſt der Feind? Wolluſt,
108 589 1193 640 Reichthum, Ehre und was noch ſonſt Ergötzliches die Erde
104 645 1193 696 bietet, ſtrebt zu ziehen meinen Willen — ha! nachdem ich
108 698 1198 750 Gott erkannt! — daß ich tauſche für den Schein die Wirk⸗
110 755 1204 807 lichkeit, für den Ekel die Liebe. Zu unterjochen mich, den
114 813 1200 862 der Glaube frei gemacht, ringt bald lockend, bald ſchreckend
110 870 1206 917 die Natur, die unter meinen Füßen liegt. Nein, das iſt kein
117 925 1202 974 Kampf! Nur die Sehnſucht nach Dir hilf Du, o Gott, mir
116 981 1168 1028 tragen! (Fortſetzung folgt.)
300 1092 1015 1135 Ueber den Begriff der Philoſophie.
634 1155 716 1195 Von
356 1227 974 1272 Profeſſor D. Biunde in Trier.
634 1280 712 1332 1.
195 1359 1221 1402 Es iſt eine ſehr bekannte Thatſache, daß derjenige Zweig
138 1413 1226 1454 des menſchlichen Wiſſens, welcher unter dem Namen der
135 1468 1219 1509 Philoſophie von jeher ſo außerordentliche Wichtigkeit
138 1524 1226 1566 hatte, auch von jeher die verſchiedentlichſte Ausbildung er⸗
139 1578 1221 1621 hielt, die verſchiedenſten Richtungen einſchlug, und in jeder
137 1628 1229 1675 dieſer verſchiedenen Richtungen zu ſo verſchiedenen Anſichten
143 1681 1233 1731 und Syſtemen des Wiſſens fortgeleitet wurde, daß man mit
143 1730 1233 1788 Recht erſchrickt, wenn man eine jener Richtungen auch nur
152 1787 1230 1840 hiſtoriſch auf eine kurze Strecke verfolgt und überall auf ſo
146 1842 1230 1898 verſchiedene und entgegengeſetzte Abwege geräth. Bei allen
148 1901 1235 1953 dieſen zahlloſen Veränderungen und Verſchiedenheiten des
151 1957 1242 2008 Inhaltes, denen keine andere Wiſſenſchaft der Philoſophie
154 2012 1246 2064 ein Beiſpiel zur Seite ſtellen kann, behauptet ſich dennoch
149 2068 1243 2119 dieſe Wiſſenſchaft ſowohl für die verſchiedenen Leiſtungen
155 2127 1244 2175 derſelben Zeit, als für verſchiedene Zeiten und deren Leiſtun⸗
