1342 2397
1148 151 1168 197 V
493 149 774 200 Vorwort.
87 244 1184 297 den verſchiedenartigſten Geſtalten täglich darbietet, in
92 308 1174 362 einer ſolchen Zeit glaubten die Herausgeber und Mitar⸗
88 372 1175 424 beiter, die ſich offen als Freunde ihrer Kirche bekennen,
90 435 1181 489 und von denen mehrere als Kämpfer zur Vertheidigung
89 499 1175 551 derſelben durch quellenmäßige und wiſſenſchaftliche Dar⸗
93 564 1178 614 ſtellung ihrer Lehren und Einrichtungen, ſo wie durch
92 628 1188 678 ruhige und ernſte Abweiſung des Irrthums und der
86 692 1185 742 Entſtellung die Waffen der Rede ergreifen wollen, nicht
82 758 1178 808 ohne die Hauptwaffe auftreten zu dürfen, welche jetzt
84 822 1174 871 wie früher vielfach gegen dieſe Kirche feindſelig gerichtet
81 886 1171 936 wird. Daher die Eigenthümlichkeit ihres Unternehmens,
81 950 1174 1000 daß es die Philoſophie ausdrücklich als Gegenſtand
77 1015 1176 1062 der Bearbeitung mit aufnimmt und ankündigt. Die
73 1075 1180 1122 meiſten Mitarbeiter bekennen ſich nun unverholen zur
94 1139 1178 1191 Philoſophie des jüngſt verſtorbenen unerſetzlichen Leh⸗
79 1205 1173 1254 rers an der Rheiniſchen Friedrich⸗Wilhelms⸗Univerſität⸗
82 1272 1178 1319 G. Hermes, und das Publicum wird, ſo hoffen ſie, den
82 1334 1186 1383 Geiſt, der in den Schriften dieſes in Wahrheit großen
86 1396 1170 1446 Philoſophen und Theologen wehet, auch in der angekün⸗
75 1463 1174 1511 digten Zeitſchrift nicht ganz vermiſſen. Aber ſie ſind
77 1525 1178 1574 gleichwohl Philoſophen genug, um auch andern Anſich⸗
80 1589 1178 1641 ten in ihrem Blatte das Wort zu gönnen, wenn nur die
81 1656 1174 1702 Darſteller derſelben die unſtreitig billige Forderung ach⸗
81 1719 1177 1766 ten, nicht gerade als Feinde des ganzen Inſtitutes auf⸗
90 1779 1170 1831 zutreten *). Auch nehmen ſie die Philoſophie in dem
136 1911 1178 1945 *) Sie werden daher auch angemeſſene Beiträge von Auswärtigen
166 1950 1024 1986 aufnehmen und per Bogen mit 10 Thalern honoriren.
204 1989 1170 2026 Schriften, worüber Recenſionen gewünſcht werden, erſuchen
163 2030 1175 2067 ſie portofrei oder auf dem Wege des Buchhandels an den Ver⸗
164 2070 1175 2110 leger zu ſchicken, Correſpondenzen dagegen an die Redaction
164 2115 322 2148 zu richten.
