1342 2397
394 438 886 496 Inhalt.
284 600 966 665 A. Abhandlungen und Aufſätze.
1084 696 1176 756 Seite
82 744 1096 803 I. Ueber das Leben, den Charakter und das Wirken für Theo⸗
165 808 1087 852 logie und Philoſophie des Georg Hermes. Vom Profeſſor
158 866 520 905 v. Droſte in Bonn . . . . . . . . . . . 1
86 913 1102 957 II. Ueber den Begriff der Philoſophie. Vom Profeſſor Biunde
162 969 1169 1010 in Trier . . . . . . . . . . . . . 29
81 1020 1093 1059 III. Iſt jede durch unwahre Aeußerung gegen den Mitmenſchen
160 1071 1092 1110 beabſichtigte Irreleitung desſelben ohne Einſchränkung pflicht⸗
169 1118 1190 1163 widrig oder Sünde? Vom Profeſſor Elvenich in Breslau. 70
85 1175 1106 1219 IV. Ueber den Sinn und die Bedeutung einer Dogmengeſchichte
157 1229 1095 1272 der katholiſchen Theologie im Gegenſatze zu der Dogmenge⸗
163 1284 1190 1325 ſchichte der evangeliſchen Theologie . . . . . . . . 99
97 1338 1106 1378 V. Ueber den rechtlichen Werth der Concordate. Vom Profeſſor
169 1392 1189 1438 v. Droſte . . . . . .. . . . . . . .  . 126
482 1453 785 1505 B. Recenſionen.
96 1508 1106 1570 I. Platon's Werke von F. Schleiermacher. III. Theiles I.
165 1578 1110 1618 Band. Der Staat. Berlin, 1828. Gedruckt und verlegt
161 1631 1109 1672 bei G. Reimer. Auch unter dem Titel: Platon's Staat
171 1686 1186 1725 von F. Schleiermacher. 626 S. 8. . . . . . . 135
90 1728 1097 1777 II. Die Revolution in Belgien im Jahre 1830. Nach den
173 1782 1111 1834 zuverläſſigſten Berichten zuſammengeſtellt. Stuttgart, E.
178 1833 1185 1885 Schweizerbarr's Verlagshandlung, 1831. 120 S. . . . . 151
100 1891 1105 1935 III. Neuere Geſchichte der Deutſchen von der Reformation bis
172 1939 1111 1993 zur Bundes⸗Acte, von Carl Adolph Menzel, königl.
176 1995 1110 2047 preuß. Conſiſtorial⸗ und Schul⸗Rath. Breslau, bei Graß,
178 2050 1109 2098 Barth u. Comp. I. Band, 1826. II. Band, 1828. III.
168 2104 1192 2156 Band, 1880. IV. Band, 1831. 8. . . . . . . . 159
