1342 2397
150 168 242 212 XII
566 171 841 217 Inhalt.
140 257 1157 298 IV. Ueber die Verdienſte des Hrn. Conſiſtorialraths und Profeſſors
234 310 1161 351 D. Auguſt Tholuck um die Schrifterklärung. Ein Send⸗
231 365 1162 404 ſchreiben an ihn und ein Beitrag zur wiſſenſchaftlichen
231 417 1162 456 Erklärung des Briefes Pauli an die Römer, von D. Carl
229 471 1155 510 Friedrich Auguſt Fritzſche, Profeſſor der Theologie
227 524 1161 563 in Roſtock. Halle, in der Gebauer'ſchen Buchdruckerei, 1831.
233 577 1239 617 VI u. 150 S. 8. . . . . . . . . . . . . 173
153 629 1158 671 V. Wird Baiern dekatholiſirt werden? Eine Frage, veran⸗
229 683 1166 724 laßt durch den baieriſchen Landtag, beantwortet von Georg
221 740 1155 781 Joſeph Götz. Ingolſtadt, gedruckt bei Aloys Attenkover,
230 794 1239 837 1831. 39 S. 8. . .  .  .  . .  .  . . . . . . 178
152 848 1154 885 VI. Kraftvoller Nachruf von des Hagenſchießes waldumgränzten
227 901 1156 939 Höhen über die Hauptquellen des Pietismus unſerer Zeit;
226 953 1154 993 aufgeweckt durch einen im Jänner 1831 geſchehenen Roth⸗
230 1004 1162 1048 ſchrei der ſieben neuen Glaubensprediger in den Land⸗Diö⸗
223 1059 1152 1104 zeſen Karlsruhe ꝛc. Nebſt einer Abhandlung über den Reli⸗
226 1111 1161 1159 gions⸗Indifferentismus unſerer Zeit. Von Martin Rieſte⸗
221 1164 1145 1211 rer, katholiſchem Pfarrer zu Mühlhauſen a. d. Würm.
223 1217 1149 1262 Karlsruhe und Baden, Marr'ſche Buch- und Kunſthand⸗
220 1273 1237 1317 lung, 1831. 127 S. 8. . . .  . . . . . . . . 185
302 1331 1229 1379 C. Miscellen u. Correſpondenz-Nachrichten. 188
299 1405 1239 1450 D. Erzdiözeſe Köln . . . . . . . . . 219
430 1945 946 1996 Berichtigung.
206 2030 1238 2070 Seite 184, Zeile 8 von unten ſtatt: in der Satzung, lies: an
135 2076 436 2109 den Satzungen.
