1342 2397
624 148 829 190 Hermes
165 152 231 195 20
168 238 1271 279 Dem ſey der Fluch nicht; dein Herz iſt zu edel, doch traurige Thränen
253 285 671 323 Weinet dein Auge ihm zu.
179 329 1066 370 Wer an deiner Hand der Weisheit Wege durchſchwebet,
257 380 627 417 und dir, Führer, getreu
170 426 1137 460 Bleibet, der danket es deiner Bemühung; dankbare Thränen
259 472 650 507 Weinet ſein Auge dir zu.
173 516 1242 557 Doch — was ſagt dir mein Lied? Wie ein Maler die Sonne uns malet,
251 565 750 601 Klein, wie das Augeſie wähnt,
170 607 1093 647 Alſo ſtammelt der Mund von großen Thaten, die du (ich
258 658 834 693 Schmeichle nicht, Edler!) vollbringſt.
174 702 1047 738 Was vermag auch ein Lied, von mir zu leiſe geſungen,
255 750 650 785 Was ein höh'rer Geſang,
169 795 990 832 Da dir Edelen ſchon die Gottheit Palmen bereitet?
251 842 712 877 Stirbſt du, ſo krönt ſie dich.
238 902 1280 947 Einen andern Beweis der Dankbarkeit gaben ihm ſeine
172 954 1269 1005 Zuhörer, wenn ich nicht irre, im ſelben Jahre, durch Ueber⸗
167 1010 1276 1062 reichung eines freiwilligen Honorars, welches ſie durch
172 1066 1270 1117 Subſcription zuſammengebracht hatten, um ihn vor drücken⸗
171 1122 1270 1172 dem Mangel zu ſchützen. Seit 1806 war nämlich Münſter
169 1177 1277 1226 unter die Herrſchaft der Franzoſen gerathen. Dieſe ließen
176 1230 1277 1279 zwar die Univerſität beſtehen, bezahlten aber den Lehrern
182 1286 1268 1334 keinen Heller Gehalt, bis ſie die Schlacht bei Leipzig ver⸗
174 1340 1274 1389 loren hatten. Die meiſten Lehrer kamen dadurch in große
178 1397 1270 1445 Verlegenheit, und wohl keiner mehr, als Hermes, der nur
182 1452 1282 1497 einen kleinen Gehalt bezog, jedes mögliche Erſparniß aber
175 1507 1276 1554 ſtets ſeiner unbemittelten Familie geſchenkt hatte. Mit vieler
178 1560 1278 1607 Rührung nahm er das Geſchenk der Zuhörer an, wodurch
178 1614 1283 1660 er, nach ſeinem eignen Geſtändniß, von ſchweren Sorgen
172 1670 1282 1714 befreit wurde. Ein ähnlicher Beweis der Liebe und Dank⸗
177 1726 1280 1772 barkeit wurde ihm bei ſeinem Abſchiede von Münſter, als
186 1783 1273 1827 er nach Bonn berufen war, durch Ueberreichung eines ſchön
180 1836 1281 1881 gearbeiteten ſilbernen Pokals gegeben, und ſpäter in Bonn
173 1890 1286 1935 noch einmal, als ihm ſeine Zuhörer bei Gelegenheit der Gene⸗
187 1944 1277 1990 ſung von einer ſchweren Krankheit ebenfalls einen ſilbernen
177 2000 1283 2046 Becher überreichten. Seine Lehrerthätigkeit beſchränkte er
181 2055 1289 2101 übrigens nicht auf die Vorleſungen, ſondern zu jeder Zeit
183 2112 1287 2158 ſtand den Zuhörern auch der Zutritt zu ihm offen, und er
