1342 2397
536 127 814 178 Vorwort.
131 126 219 179 VIII
123 220 1226 273 haltspunkt für eine gründliche Philoſophie, eine Philo⸗
138 286 1222 337 ſophie, die nicht aus Willkür und Dichtung geboren
134 351 1078 401 werden ſoll, überhaupt unmöglich machen würde.
180 417 768 464 Bonn, den 5. Auguſt 1831.
221 483 1133 521 D. Achterfeldt, D. Braun, D. v. Droſte,
396 529 954 567 D. Scholz, D. Vogelſang,
157 581 1192 623 Profeſſoren an der Rheiniſchen Friedrich⸗Wilhelms⸗Univerſitaͤt.
193 675 1222 725 Vorſtehender Ankündigung gemäß laſſen wir nun hier
125 739 1227 788 das erſte Heft unſerer Zeitſchrift erſcheinen. Wir hatten
128 800 1225 852 gehofft, daß ſie ruhig neben den beſtehenden Zeitſchriften
125 866 1218 913 würde auftreten können; aber noch iſt kein Jahr nach
129 929 1227 976 dem Tode des Profeſſors Hermes verfloſſen, und ſchon
134 993 1226 1041 finden wir in einigen derſelben die feindſeligſten Angriffe
133 1057 1222 1107 auf ihn und ſeine Schüler und ſelbſt auf dieſes Unter⸗
126 1121 1226 1171 nehmen, ehe es noch ausgeführt war, ohne daß irgend
134 1184 1228 1234 etwas geſchehen wäre, was die Gegner zu ſolchen An⸗
134 1249 1222 1300 griffen hatte herausfordern können. Man wundere ſich
134 1313 1226 1365 daher nicht, daß wir gleich von Anfang an in kriegeri⸗
132 1377 1226 1429 ſcher Haltung auftreten. Dies würde gerechtfertigt
137 1440 1226 1492 ſeyn, wenn die Angriffe bloß der Sache gälten und red⸗
128 1504 1230 1556 liche Angriffe wären; denn Jeder iſt ja berechtigt, ſeine
129 1565 1233 1618 Meinung gegen Angriffe zu vertheidigen. Aber die An⸗
125 1628 1232 1681 griffe auf die Lehren des ſeligen Hermes ſind bisher
129 1694 1237 1742 durch ſo ſchreiende Verſtümmelungen und falſche Rela⸗
126 1757 1229 1806 tionen vermittelt, daß Niemand an eine ſolche Polemik
137 1819 1233 1868 glauben würde, wenn wir ſie nicht Schwarz auf Weiß vor
129 1882 1236 1933 aller Welt vorlegen könnten; und die Angriffe auf die
127 1946 1226 1994 Schüler ſind ſo hämiſch verdächtigend, daß diejenigen,
126 2010 1235 2059 die dadurch betroffen wurden, geradezu gezwungen ſind,
126 2075 1236 2123 ſtreitend aufzutreten, wenn ihnen an ihrer Vertheidigung
