1420 2340
667 18 746 68 533
139 129 1327 165 Daß der Verfaſſer es auf Vernichtung der katholiſchen Kirche abgeſehen hat, be⸗
77 173 1333 209 weist, außer ſeinen ſonſtigen Geſtändniſſen, vor Allem der Umſtand, daß er (S. 62
80 217 1334 252 n. 6), ähnlich dem Julianus Apoſtata die Katholiken von allen Religionslehrerſtellen
77 261 874 295 an Staats⸗ und Communal⸗Schulen ausſchließen will.
145 305 1333 343 Doch kommen wir zum Schluß! — So habe ich denn Ihre Prophezeihung, Herr
76 351 1326 386 Profeſſor, verwirklicht, daß Ihr Buch von Seiten der „Utramontanen“ nicht ohne
77 395 1331 431 Anfechtung bleiben werde. Wenn daraus folgen ſoll (S. 92), daß Sie eben, „das
83 439 1317 474 Richtige“ getroffen haben, ſo kommt es darauf an, was man unter dem „Richtigen“
80 484 1338 520 verſteht. Darüber gehen aber die Anſichten heutzutage leider vielleicht mehr als je
76 528 251 562 auseinander.
861 568 1268 611 L. v. Hammerſtein, S. J.
336 811 1069 854 Rundſchau zur kirchlichen Lage.
155 981 1332 1021 1. Die Adreſſe der Biſchöfe Preußens und die Adreſſe des elſäſſiſchen
73 1028 1333 1069 Geſammt-Klerus. Die Adreſſe der Biſchöfe Preußens an Se. Majeſtät
75 1076 1332 1117 den Kaiſer, datirt vom 7. September, gelangte ihrem Wortlaute nach erſt im
82 1125 1335 1166 verfloſſenen Monat zur öffentlichen Kenntniß. Ein klares und feſtes Wort
81 1173 1333 1214 haben die Biſchöfe zum Landesherrn geredet. Der kernige Inhalt des denk⸗
87 1221 1288 1260 würdigen Schriftſtückes läßt ſich füglich in folgende Sätze zuſammenfaſſen.
163 1270 1343 1306 Während die deutſchen Biſchöfe mit den Oberhirten der katholiſchen Welt
84 1318 1342 1354 in Rom verſammelt waren, erhob ſich in Deutſchland eine planmäßige Agi⸗
87 1366 1334 1403 tation wider die im Concil gepflogenen Verhandlungen. Eine der perfideſten
79 1414 1334 1451 Machinationen dieſer Agitation beſtand darin, den Geiſt des Concils als
77 1461 1343 1500 einen humanitäts⸗ und ſtaatsfeindlichen darzuſtellen und durch Erregung von
87 1507 1336 1549 Mißtrauen gegen die Kirche die hohen Staatsbehörden zu feindſeligen Maß⸗
87 1555 1333 1598 regeln gegen dieſelbe zu veranlaſſen. Indeſſen die Biſchöfe Preußens hielten
86 1604 1336 1645 im Vertrauen auf die angeſtammte Weisheit und Gerechtigkeit des erhabenen
86 1651 1336 1695 Herrſcherhauſes die Durchführung eines ſolchen Planes im engeren Vaterlande
88 1699 1334 1742 für unmöglich. Nichts deſto weniger hat es in letzterer Zeit den Anſchein
84 1747 1336 1791 genommen, als ob jene Verdächtigungen und Ketzereien nicht ganz des beab⸗
94 1795 1342 1838 ſichtigten Erfolges entbehrten und Mißverſtändniſſe und tiefer gehenden Arg⸗
86 1844 1333 1889 wohn auch in ſolchen Regionen hervorgerufen hätten, welche durch ihre Stel⸗
92 1892 1337 1937 lung über die unreifen Tageserzeugniſſe leidenſchaftlichen Parteigetriebes er⸗
84 1941 1335 1987 haben zu ſein pflegen. Dieſe Furcht haben zumal die Erlaſſe des hohen
88 1988 1343 2035 Cultusminiſteriums an den Biſchof von Ermland¹ wach gerufen. „Nach den
90 2037 1287 2082 Grundſätzen, die dort als Motive der Verfügungen ausgeſprochen werden, —
90 2086 1341 2130 erſchiene die ganze gegenwärtige katholiſche Kirche in Preußen als recht⸗ und
90 2135 1342 2180 ſchutzlos, und als wären die wenigen Abtrünnigen die allein berechtigten Ver⸗
166 2240 500 2275 ¹ Vgl. 2. Heft S. 151.
1065 2262 1155 2300 36
127 2284 354 2316 Stimmen. I. 6.
