1420 2340
588 448 840 481 Miscellen.
176 553 1342 586 Frankreich. Die päpſtlichen Zuaven. Je tiefer unſere weſtlichen Nach⸗
94 588 1342 621 barn durch Krieg und Revolution in's Unglück gerathen ſind, deſto kleinlauter wird die
96 624 1347 656 liberale Bourgeoiſie, deſto heldenmüthiger verſchaffen ſich die beſſeren und katholiſchen
91 659 1347 691 Elemente, welche viel zahlreicher ſind, als man hierzulande gewöhnlich meint, mit jedem
91 696 1348 727 Tage größere Geltung. Zum erſtenmale ſeit der großen Revolution gab die Depu⸗
96 731 1356 763 tirtenkammer wieder ein Lebenszeichen von Religion; ſie beſchloß zu Verſailles mit
93 767 1343 799 ungeheurer Mehrheit eine im ganzen Lande am Pfingſtfeſte, 28. Mai, für Frankreichs
95 803 538 836 Rettung abzuhaltende Andacht.
168 838 1350 870 Der Vendéer Held, General de Charette, noch im vorigen Jahre Oberſtlieu⸗
100 873 1347 906 tenant des päpſtlichen Zuavenregiments, der aus ſeinen im Dienſte des hl. Vaters
91 908 1350 943 geweſenen Landsleuten und Neugeworbenen die „Legion des Weſtens“ mit markirtem
96 944 1348 976 katholiſchem Gepräge gebildet hatte, wollte am 28. Mai einen ritterlichen Act chriſtlichen
93 979 1351 1011 Bekenntniſſes vollziehen indem er ſein Regiment dem heiligen Herzen Jeſu weihte.
96 1015 1356 1045 Tags zuvor erließ er folgenden „Tagesbefehl für die Legion,“ der uns vorliegt:
173 1059 1355 1091 „Rennes, 27. Mai 1871. Nachdem die Kammer öffentliche Gebete angeordnet hat,
104 1095 1356 1127 ſcheint es mir ganz natürlich, einen Plan auszuführen, der mir am Herzen liegt, und
94 1131 1351 1163 von welchem Viele von Ihnen, meine Herren, oft mit mir geſprochen haben. Ich
93 1167 1349 1198 weiß nicht, was aus uns werden wird, denn Gottes Abſichten ſind undurchdringlich;
98 1202 1352 1235 aber wir müſſen, glaube ich, einen weitern Act in die Regimentsannalen einfügen,
99 1237 1354 1271 die mit allerlei, oft für uns traurigen, aber ſtets rühmlichen Thaten angefüllt ſind.
106 1272 1362 1307 Wir ſtehen vor Unglücksfällen, gegen welche ſich Geiſt und Herz empören, deren
103 1308 1355 1342 thatſächliche Wahrheit ſie nur mit Mühe glauben können. Die Revolution, die auf
105 1343 1358 1377 ewig verſchwinden ſollte, hat vielleicht ihr letztes Wort noch nicht geſprochen; das Re⸗
107 1380 1356 1414 giment, ihr natürlicher Gegner, iſt die Zielſcheibe aller ihrer Angriffe. Was ſetzen
97 1415 1357 1450 wir alſo beim Bekenntniſſe unſeres Glaubens auf's Spiel, wir, die wir, mögen wir
97 1451 1356 1486 wollen oder nicht, die religiöſe Idee in Frankreich vertreten? Und wenn Frankreich
103 1487 1356 1522 gerettet werden ſoll, ſo geſchieht es durch die Religion, durch das Gebet. Ich glaube
100 1524 1358 1556 alſo, die Zeit iſt gekommen, mein theuerſtes und heißeſtes Verlangen auszuführen.
103 1559 1364 1591 Morgen wird keine Regimentsmeſſe ſein; dagegen wird in der Seminarkapelle eine
101 1595 1358 1626 Meſſe ſtattfinden, und ich werde das Glück haben, meinerſeits das Regiment dem
104 1630 1362 1661 heiligen Herzen zu weihen. Das heilige Herz, welches ihr alle auf euerer Bruſt traget,
105 1665 1361 1697 iſt unſere mit dem Blute unſerer armen Kameraden gefärbte Fahne, unſerer Kame⸗
104 1701 1359 1734 raden, die, auf dem Schlachtfelde gefallen, das Regiment in Frankreich verherrlicht haben.
103 1737 1368 1770 Der Kaplan wird die Weiheformel leſen, welche der General de Sonis ſelbſt verfaßte,
107 1772 1358 1806 und mit deren Zuſendung er mich beehrte. Obgleich ich im Namen des Regiments
103 1807 1361 1843 dieſen Act der Weihe vollziehe, ſo iſt dieſelbe doch für Niemand verbindlich; aber ich
107 1844 1369 1879 brauche Ihnen nicht zu ſagen, wie glücklich und ſtolz ich wäre, wenn ich morgen Sie
108 1878 1215 1916 Alle in meiner Umgebung ſehen dürfte. Ich zähle auf Sie, meine Herren.
939 1916 1319 1948 Gez. General de Charette.”
181 1960 1365 1993 In der That erſchien am 28. Mai, wie das Univers berichtet, das ganze Regi⸗
108 1995 1363 2031 ment in Waffen bei der hl. Meſſe. (Neben dem Altare hielt ein Offizier die Fahne,
106 2029 1361 2067 welche ſo rühmlich in der Schlacht bei Patay wehte.) Alle knieten, in ihrer Mitte der
108 2065 1361 2102 General de Charette und Monſeigneur Daniel, ſchon zu Rom erſter Zuavenkaplan.
105 2102 1370 2137 Endlich erhob ſich der Letztere und las die feierliche Weiheformel. Alle Anweſenden
105 2139 1366 2173 waren tief gerührt; die allgemeine Bewegung ſteigerte ſich noch, als General de Charette
108 2175 1368 2209 die Hände hoch gegen den Altar erhob und mit lauter, feſter Stimme sprach: „Im
115 2211 1367 2245 Schatten dieſer Fahne, die mit dem Blute unſerer theuerſten Opfer gefärbt iſt, vor
111 2247 1379 2282 eurem Angeſichte, Freiwillige des Weſtens, päpſtliche Zuaven, weihe ich, General Baron
