1419 2339
428 457 934 499 Kirchliche Actenſtücke.
48 641 664 682 Sanctissimi Domini Nostri Pii
97 693 657 735 Divina Providentia Papae IX.
99 746 661 785 Allocutio Habita Die XXVII.
93 796 662 839 Octobris A. MDCCCLXXI. ad
92 849 653 892 S. R. E. Cardinales in Aedibus
99 902 281 942 Vaticanis.
125 969 503 1012 Venerabiles Fratres!
85 1047 645 1090 Ordinem Vestrum amplissimum, usi-
51 1099 653 1139 tati ritus solemnitate intermissa, huc
57 1149 655 1187 convocavimus, ut illud Vobiscum pro
54 1198 662 1235 rei gravitate communicemus, quod ad
53 1248 653 1285 consulendum spiritualibus christiani
53 1297 659 1333 populi in Italia necessitatibus perficere
53 1345 657 1382 decrevimus. Non opus est, Venerabiles
55 1392 656 1433 Fratres, ut hic Vobis ea recenseamus,
57 1442 656 1479 quae pluries in Nostris Allocutionibus
51 1491 657 1528 aut in Nostris ad universos Episcopos
63 1540 661 1577 datis encyclicis litteris deploravimus.
66 1589 658 1625 Compertae enim sunt omnibus atque
56 1638 652 1673 adeo exploratae, ut summa sine impu-
56 1687 662 1723 dentia denegari, aut ad invidiam le-
59 1736 655 1773 vandam excusatione tegi non valeant
65 1786 661 1822 hostiles et ingentes injuriae, quae jam
57 1834 660 1871 pridem et continenter in hac afflicta
58 1883 652 1920 Italia catholicae Ecclesiae et Aposto-
57 1932 668 1969 licae Sedi inferuntur, quasque occupata
61 1981 662 2019 per vim hac Urbe Nos ipsi Vobiscum
61 2031 667 2068 pati et videre cogimur, ita ut regii
61 2079 663 2118 Prophetae verbis dicere jure possimus:
61 2126 665 2166 vidi iniquilatem et contradictionem in
61 2174 667 2216 civilate, die ac nocte circumdabit eam
61 2222 668 2268 super muros ejus iniquitas, et labor in
702 647 1316 687 Allocution Sr. Heiligkeit Papſt
754 706 1304 744 Pius IX, gehalten an die Car-
747 761 1315 799 dinäle der heiligen römiſchen
755 817 1309 858 Kirche im datikaniſchen Palaſte,
753 875 1151 913 den 27. October 1871.
775 979 1139 1020 Ehrwürdige Brüder!
747 1060 1317 1094 Ohne die gewöhnlichen Feierlichkeiten
718 1106 1312 1140 haben Wir Eure erlauchte Verſammlung
718 1150 1314 1185 hierhin zuſammenberufen, um Euch in
714 1196 1318 1229 Anbetracht der Wichtigkeit der Sache mit⸗
722 1237 1311 1275 zutheilen, was Wir zu vollführen beſchloſ⸗
724 1282 1312 1318 ſen haben, um den geiſtlichen Bedürfniſſen
716 1327 1318 1362 des chriſtlichen Volkes in Italien nachzu⸗
724 1373 1320 1408 kommen. Es iſt nicht nothwendig, Ehr⸗
721 1417 1313 1449 würdige Brüder, hier vor Euch dasjenige
716 1460 1314 1493 wieder durchzugehen, worüber Wir zu wie⸗
721 1506 1317 1538 derholten Malen in Unſeren Allocutionen
721 1550 1316 1583 oder in Unſeren an ſämmtliche Biſchöfe
721 1595 1319 1630 gerichteten Encycliken Unſerem Schmerze
723 1640 1316 1674 Ausdruck verliehen. Sind doch die Feind⸗
723 1685 1316 1718 ſeligkeiten und ungeheuren Ungerechtig⸗
724 1731 1316 1765 keiten, welche ſchon ſeit langer Zeit und
726 1776 1317 1810 ohne Unterlaß in dieſem hartbedrängten
717 1819 1324 1855 Italien gegen die katholiſche Kirche und
725 1865 1316 1898 den apoſtoliſchen Stuhl begangen werden,
727 1906 1315 1941 Allen bekannt und dermaßen aufgedeckt,
722 1949 1324 1987 daß es nur der größten Unverſchämtheit
727 1996 1326 2031 möglich iſt, dieſelben abzuläugnen oder,
726 2041 1319 2075 um ihre Gehäſſigkeit zu vermindern, ſie
727 2084 1319 2119 mit Entſchuldigungen zu bemänteln. Wir
735 2128 1321 2164 ſelbſt ſind ſeit der gewaltſamen Eroberung
723 2175 1323 2208 dieſer Stadt mit Euch gezwungen, dieſe
730 2219 1324 2255 Feindſeligkeiten und Ungerechtigkeiten zu
