1420 2340
722 30 764 65 24
114 121 704 157 fehlbarkeit den denkbar weiteſten Umfang
116 165 264 196 zuerkennt ⁸.
143 251 712 287 Und ſo halten wir uns auch trotz der
107 295 708 332 biſchöflichen Rüge für wohlberechtigt, auch
116 340 714 376 fernerhin die Unfehlbarkeit, welche dem
118 385 705 420 Papſte und ihm allein, ohne jede Theil⸗
120 428 710 464 nahme Anderer, zukommen ſoll, eine
111 474 709 508 perſönliche zu nennen; denn dieſer
115 519 705 551 Ausdruck iſt hier vollkommen richtig und
113 562 710 595 entſpricht, dem allgemeinen, Sprachge⸗
120 606 710 640 brauche, wie man denn die Gewalt, welche
117 652 711 686 ein Monarch unabhängig von den anderen
119 694 716 730 Staatsbehörden für ſich beſitzt und übt, eine
112 740 708 775 perſönliche zu nennen pflegt; denn auch
123 785 719 818 eine amtliche Prärogative heißt dann mit
116 830 709 863 Recht eine perſönliche, wenn ſie ſo feſt und
120 874 708 908 unzertrennlich an die Perſon geknüpft iſt,
112 918 708 951 daß dieſe ſich ihrer weder entäußern noch
115 961 711 996 ſie anderen übertragen kann⁹. — Wenn
115 1005 714 1039 man, was die deutſchen Biſchöfe unter⸗
122 1050 710 1084 laſſen, die Verdammungen des Syllabus,
115 1094 711 1129 welcher nun ein mit päpſtlicher Unfehl⸗
115 1138 709 1172 barkeit bekleidetes Decret geworden iſt, die
119 1182 710 1217 feierliche Verdammung der öſterreichiſchen
111 1227 715 1261 Verfaſſung durch den Papſt, die gleichzei⸗
115 1271 711 1306 tigen Publicationen der Jeſuiten in Laach,
116 1316 707 1348 in Wien und in Rom — die bekanntlich
115 1359 714 1392 beſſer, als die deutſchen Biſchöfe über die
118 1404 716 1438 Abſichten der Curie unterrichtet ſind —
122 1450 718 1483 wenn man alles dieſes mit den vatica⸗
117 1494 718 1528 niſchen Decreten zuſammenhält, ſo muß
120 1537 714 1572 man die Augen ſchließen um den wohl⸗
119 1581 713 1616 überlegten Plan päpſtlicher Univerſalherr⸗
128 1626 709 1662 ſchaft nicht zu erkennen ¹⁰. Unſere Regie⸗
772 126 1364 159 feſſoren Hergenröther, Scheeben u. ſ. w.,
768 168 1368 202 welche klar zeigen, daß die päpſtliche Un⸗
776 213 1373 246 fehlbarkeit den modernen Staaten nicht
769 257 1363 291 gefährlich ſei. — Und⁹ ſo halten wir auch
773 301 1371 336 trotz der berechtigten biſchöflichen Rüge
767 345 1355 379 feſt an dem Schlagwort der „perſönlichen“
773 389 1372 422 Unfehlbarkeit; denn dieſer Ausdruck iſt
775 434 1365 467 zwar vollkommen falſch in dem Sinne, in
775 477 1368 511 welchem wir ihn bisher ſtets gebraucht
775 521 1366 556 und die Bisſchöfe ihn gerügt haben; wie
773 566 1362 600 wir denn ihn nur wählten, um wenig
771 611 1374 644 Unterrichtete glauben zu machen, daß der
778 655 1376 688 Papſt nach perſönlicher Willkür und per⸗
779 699 1366 732 ſönlichem Belieben alle möglichen, und
772 743 1367 776 unmöglichen Sätze als Glaubenswahr⸗
771 788 1373 820 heiten aufſtellen könne; aber um ja nicht
772 832 1368 865 dieſes unſer Unrecht einzugeſtehen, ſuchen
773 875 1371 910 wir lieber leere Ausflüchte und behaupten
771 921 1376 954 auf dieſe Weiſe die „Unwiderleglichkeit“, die
775 965 1372 996 uns ſo „perſönlich“ iſt, daß wir uns der⸗
779 1008 1376 1041 ſelben nicht entäußern können. — Wenn
772 1052 1371 1087 wir vernünftig, was wir aber zu thun
775 1097 1365 1131 uns hüten, die Verwerfung der Theſen
767 1141 1369 1174 des Syllabus, die Verurtheilung des öſter⸗
771 1187 1375 1218 reichiſchen Vertragbruches, die gleichzeitigen
771 1230 1376 1262 Publicationen der Jeſuiten — welche be⸗
771 1273 1372 1306 kanntlich von uns nur ſtets vorgeſchoben
773 1316 1376 1351 werden, um der liberalen Sippe uns zu
774 1354 1375 1393 versichern — wenn wir alles dieses ver⸗
775 1402 1371 1438 nünftig mit den Vaticaniſchen Decreten
775 1447 1375 1482 zuſammenhalten, ſo müßten wir die Augen
781 1492 1372 1527 ſchließen, um nicht zu ſehen, daß nur
773 1537 1375 1572 grenzenloſe Böswilligkeit oder bodenloſer
779 1582 1371 1615 Unverſtand, von einem wohlüberlegten
775 1627 1367 1660 Plan päpſtlicher Univerſalherrſchaft faſeln
187 1735 1376 1773 ⁸ Da die Altkatholiken eine neue Sprache angenommen haben, ſcheint ihnen die
125 1783 1377 1817 Kenntniß der deutſchen und engliſchen ein wenig abhanden gekommen zu ſein; ſonſt
115 1828 1373 1860 würden ſie wohl nicht aus dem Hirtenbrief des hochw. Erzbiſchofes von Weſtminſter
115 1872 530 1906 Unſinn herausgeleſen haben.
205 1916 1380 1949 ⁹ Der Ueberſetzer iſt für den Mangel an logiſchem Zuſammenhang, der hier zu
119 1960 1372 1995 Tage tritt, nicht verantwortlich, da er ſich an den Urtext halten muß. Vgl. die Paren⸗
117 2004 367 2037 theſe in Anm. 5.
189 2046 1380 2080 ¹⁰ Iſt vielleicht folgende Ueberſetzung richtiger? „Wenn man — was wir ſchon
122 2091 1376 2128 zu verhindern wiſſen — die verläumderiſchen Anſchuldigungen des Janus und Qui⸗
120 2136 1373 2172 rinus gegen Kirche und Papſt, unſern feierlichen Verdammungen der Vaticaniſchen
122 2178 1374 2217 Decrete, die öffentlichen Reden eines der Unterzeichneten in verſchiedenen Städten —
124 2224 1384 2262 der bekanntlich gewöhnlich mehr ſagt, als wir im Allgemeinen wünſchen — wenn man
