1420 2339
331 162 1104 203 Die zwei vorausgehenden Serien
700 243 736 283 der
239 335 1194 386 Stimmen aus Maria⸗Laach.
148 509 1349 553 In der Unterzeichneten iſt erſchienen und durch alle Buchhandlungen zu beziehen:
85 614 1348 658 Encyclica, die, Papſt Pius’ IX. vom 8. Dezember 1864.
164 678 1353 723 Stimmen aus Maria-Laach. 12 Hefte. gr. 8⁰. (1945 S.) Voll⸗
171 732 1189 774 ſtändig Thlr. 6. 16 ſgr. — fl. 10. 55 kr. — fr. 24. 50.
78 814 1354 850 I. Heft: Eine Vorfrage über die Verpflichtung. Von Fl. Rieß. Zweite
156 855 1049 887 Auflage. (119 S.) 12 ſgr. — 40 kr. — fr. 1. 50.
75 919 1349 956 II. Heft: Die Grundirrthümer unſerer Zeit. Von P. Roh. Dritte Auf⸗
165 960 904 993 lage. (68 S.) 6 ſgr. — 20 kr. — 75 cts.
75 1015 1353 1061 III. Heft: Irrthümer über die Ehe. Von G. Schneemann. Zweite
167 1064 1045 1100 Auflage. (124 S.) 12 ſgr. — 40 tr. — fr. I. 50.
75 1120 1355 1167 IV. Heft: Der Papſt und der Kirchenſtaat. Von D. Rattinger. Zweite
163 1168 968 1205 Auflage. (179 S.) 16 ſgr. — 54 kr. — fr. 2.
83 1233 1347 1269 V. Heft: Die moderne Irrlehre oder der Liberalismus und ſeine Ver-
152 1276 1347 1311 zweigungen im Lichte der Offenbarung. Von Fl. Rieß. Zweite
161 1313 1052 1349 Auflage. (1O7 S.) 12 ſgr. — 40 tr. — fr. 1. 50.
79 1377 1353 1416 VI. Heft: Die Freiheit und Unabhängigkeit der Kirche. Von G. Schnee⸗
157 1419 1300 1456 mann. Erſte und zweite Auflage. (118 S.) 12 ſgr. — 40 kr. —
162 1455 309 1490 fr. 1. 50.
79 1520 1347 1564 VII. Heft: Die Kirchliche Gewalt und ihre Träger. Von G. Schnee⸗
157 1564 1026 1600 mann. (112 S.) 12 ſgr. — 40 kr. — fr. 1. 50.
77 1626 1359 1668 VIII. Heft: Der Papſt, das Oberhaupt der Geſammtkirche. Von G. Schnee⸗
163 1670 1031 1707 mann. (152 S.) 14 ſgr. — 45 kr. — fr. 1. 70.
69 1719 1352 1772 IX. Heft: Die Grundſätze der Sittlichkeit und des Rechts. Nach Maßgabe
164 1774 1355 1811 der im Syllabus §. VII. verzeichneten Irrthümer beleuchtet. Von
157 1814 1236 1850 Th. Meyer. (282 S.) 28 ſgr. — fl. 1. 36 kr. — fr. 3. 60.
81 1877 1354 1920 X. Heft: Die kirchliche Lehrgewalt. Von G. Schneemann. (228 S.)
157 1919 712 1954 24 ſgr. — fl. 1. 20 kr. — fr. 3.
79 1967 1354 2024 XI. Heft: Der moderne Staat und die chriſtliche Schule. Von Fl. Rieß.
164 2021 918 2061 (216 6.) 24 ſgr. — fl. 1. 20 tr. — fr. 3.
81 2084 1353 2130 XII. Heft: Staat und Kirche. Von FI. Rieß. (240 S.) 24 ſgr. — fl. 1.
156 2125 429 2163 20 kr. — fr. 3.
393 2193 1038 2236 Jedes Heft wird auch einzeln abgegeben.
