1419 2339
696 60 737 94 60
88 151 1336 185 während ſie ſich ſtellen, als nähmen ſie dieſelbe an, ſind die Bewohner dieſer unglück⸗
89 195 1346 230 lichen Inſeln von einer Art Krebsſchaden ergriffen, der ſowohl Seele als Leib zerſtört
93 241 1346 274 hat. Einige Jahre noch, und, wie eine Menge proteſtantiſcher Reiſenden verkündet,
93 284 1346 318 die Eingebornen jeder Inſel unter engliſcher und amerikaniſcher Herrſchaft werden
90 327 1346 362 vernichtet ſein. Der Proteſtantismus wird eine Wüſte geſchaffen haben.“¹ Grundemann
96 373 1345 405 geſteht freilich dieſes Ausſterben der Eingebornen in Polyneſien zu, doch ſträubt er
93 416 1340 451 ſich wider den Schluß, welchen man daraus gegen die proteſtantiſche Miſſion gezogen
96 459 1337 495 hat. Er vergißt aber, daß dieſes Ausſterben nicht nur auf den Inſeln der Südſee,
98 503 1340 538 ſondern auch in dem immenſen Continente Nordamerikas allgemein vorkommt, wäh⸗
93 547 1345 582 rend die ſtammverwandten katholiſch gewordenen Millionen von Eingebornen Süd⸗
91 592 1340 626 amerikas, Mexikos und der Philippinen „wachſen und ſich mehren.“ Das iſt eine
90 636 1347 670 Thatſache, welche in ihrer Ausdehnung Welttheile, in ihrer Dauer Jahrhunderte be⸗
97 681 1346 714 trifft. Grundemann macht dawider auf das in wenigen Jahren in einigen Gemein⸗
96 724 1340 760 den beobachtete Wachſen der Bevölkerung aufmerkſam, doch was will das verſchlagen?
159 771 1345 804 Die Charakteriſtik der chriſtlichen Miſſionen iſt ein überaus ſchwieriges Werk,
97 816 1346 849 das unſeres Bedünkens gar nicht in wenigen einer Karte beigegebenen Zeilen abge⸗
90 860 1346 893 than werden kann. Die katholiſche Miſſion läßt ſich nur als die Fortſetzung einer
88 905 1349 937 vor zwei Jahrtauſenden angefangenen, von Chriſtus angeordneten und geſegneten
90 948 1348 982 Thätigkeit begreifen. Verſchlungen mit vielen natürlichen Urſachen, die ſie theils för⸗
97 992 1342 1025 dern, theils hemmen, wirken in ihr ganz beſonders übernatürliche Elemente und ver⸗
101 1035 1350 1068 ſchiedene Inſtitutionen, für welche Andersgläubige gewöhnlich weder Sinn noch Ver⸗
95 1079 1350 1114 ſtändniß haben. Wir hätten deßhalb gewünſcht, daß der Verfaſſer des vorſtehenden
93 1126 1354 1158 Atlas von einer Charakteriſtik der Miſſionen, wenigſtens der katholiſchen, Abſtand ge⸗
93 1170 1354 1204 nommen hätte. Sein mit Fleiß ausgearbeitetes Werk hätte auch ohnedieß genugſam
90 1214 314 1250 Intereſſe erregt.
1005 1257 1283 1292 Schneemann S. J.
93 1375 1352 1414 Das Vaticaniſche Dogma von dem Univerſal⸗Epiſkopat und der Unfehl⸗
185 1433 1358 1471 barkeit des Papſtes in ſeinem Verhältniß zum Neuen Teſtament
184 1489 1354 1531 und der patriſtiſchen Exegeſe. — Bitte um Aufklärung an alle
184 1549 1362 1585 katholiſche Theologen von Dr. Joſ. Langen, ord. Profeſſor der
179 1606 1349 1641 neuteſtamentlichen Exegeſe an der kath.⸗-theol. Facultät zu Bonn.
186 1661 871 1697 Bonn 1871. 8⁰. VIII u. 116 SS.
173 1749 1353 1782 Wiederum eine neue Schrift über die Unfehlbarkeitsfrage, und zwar, wofern wir
98 1792 1359 1828 nicht irren, eine aus der Reihe jener, in welchen von den Theilnehmern an der be⸗
101 1837 1361 1872 kannten Nürnberger Verſammlung „die ſtreng wiſſenſchaftliche Ausführung der in
103 1883 1356 1916 ihrer Erklärung gegen das Vaticaniſche Concil namhaft gemachten Gründe“ geliefert
102 1927 1351 1963 werden ſoll. Wie Dr. r. Schulte die kirchenrechtliche, ſo ſcheint Prof. Langen die ere⸗
98 1971 1360 2010 getiſche Begründung des Proteſtes übernommen zu haben und uns in vorbezeichneter
100 2016 1351 2053 Schrift die Reſultate ſeiner Studien über die päpſtliche Unfehlbarkeit und ihr Ver⸗
104 2062 952 2098 hältniß zur neuteſtamentlichen Exegeſe vorlegen zu wollen.
177 2105 1357 2142 Die Arbeit kündigt ſich an als eine „Bitte um Aufklärung an alle katholiſche
102 2148 1359 2189 Theologen“; auch in der Vorrede verſichert uns der Verfaſſer, Belehrung ſeiner ſelbſt
175 2263 336 2306 ¹ III, 508.
