1420 2339
667 42 721 77 23
105 400 663 433 2) Wir beharren in der feſtbegründeten
70 446 660 478 Ueberzeugung, daß die vaticaniſchen De⸗
64 490 662 522 crete eine ernſte Gefahr für Staat und
71 531 657 566 Geſellſchaft bilden, daß ſie ſchlechthin un⸗
67 577 661 610 vereinbar ſind mit den Geſetzen und Ein⸗
72 622 660 654 richtungen der gegenwärtigen Staaten, und
68 666 658 699 daß wir durch die Annahme derſelben in
64 709 663 744 einen unlösbaren Zwiespalt mit unſern
68 753 663 786 politiſchen Pflichten und Eiden gerathen
72 796 657 830 würden. Vergeblich verſuchen die Biſchöfe
70 842 658 876 die unläugbare Thatſache theils todtzu⸗
76 886 662 920 ſchweigen, theils durch willkürliche Aus⸗
74 932 657 965 legungen päpſtlicher Bullen zu beſeitigen,
71 977 662 1009 daß dieſe Bullen und Entſcheidungen alle
70 1021 656 1053 politiſchen Gewalten der Willkür des päpſt⸗
59 1066 661 1097 lichen Stuhles unterwerfen und gerade
72 1109 658 1141 jene Geſetze am entſchiedenſten verdammen,
64 1154 660 1186 welche in der heutigen geſellſchaftlichen
67 1199 589 1231 Ordnung die unentbehrlichſten ſind ⁷.
106 1500 662 1537 Die Biſchöfe wiſſen ſehr wohl, daß ſie in
67 1548 663 1581 Folge der vaticaniſchen Decrete nicht das ge⸗
71 1593 670 1625 ringſte Recht haben päpſtliche Erlaſſe, die
67 1636 661 1669 neueſten oder frühern, durch künſtlich erſon⸗
63 1681 659 1715 nene Auslegungen zu beſchränken, und daß
67 1726 659 1762 die entgegengeſetzte Auslegung
71 1769 659 1805 eines einzigen Jeſuiten gerade ſo
63 1813 661 1849 viel wiegt, als die von hundert
61 1853 663 1894 Biſchöfen. Ueberdies ſtehen auch bereits
71 1899 663 1937 den Deutungen deutſcher Biſchöfe die Aus⸗
71 1942 667 1982 legungen anderer Prälaten gegenüber, un⸗
71 1986 669 2027 ter anderen des Erzbiſchofs Manning von
68 2028 665 2070 Weſtminſter, welcher der päpſtlichen Un⸗
723 131 1317 165 finirte Gewalt gleichwohl eine despotiſche
719 176 1320 210 zu nennen wagen, machen wir uns einer
723 221 1318 254 unverantwortlichen Blasphemie ſchuldig,
722 265 1323 298 da wir den Heiland, da wir den heiligen
721 309 1325 341 Geiſt als Begründer und Beförderer des
721 354 1053 387 Despotismus darſtellen.
755 399 1313 430 2) Wir beharren auch bei der vollſtändig
724 442 1324 476 unbegründeten Behauptung, daß die Va⸗
724 487 1324 521 ticaniſchen Decrete eine ernſte Gefahr für
719 531 1316 563 Staat und Geſellſchaft bilden, obgleich ihre
720 574 1323 610 Lehren, die ſeit achtzehn Jahrhunderten in
724 618 1315 652 aller Herren Länder, unter allen denk⸗
724 662 1318 698 baren Regierungsformen von den Katho⸗
729 708 1326 740 liken geglaubt wurden und jetzt geglaubt
723 752 1317 784 werden, nicht unvereinbar ſein können
725 795 1323 828 mit den Geſetzen und Einrichtungen der
725 840 1315 874 modernen Staaten, und obgleich Niemand,
727 884 1325 919 wofern er nicht etwa bei den Freimaurern
724 928 1323 963 einen entgegenſtehenden freventlichen Eid
729 975 1324 1007 geſchworen hat, durch dieſelben mit ſeinen
727 1018 1324 1051 politiſchen Eiden in Widerſpruch gerathen
726 1062 1324 1096 kann. Vergeblich verſuchen wir die un⸗
723 1107 1325 1140 läugbare Thatſache todtzuſchweigen, oder
725 1150 1325 1183 durch, willkürliche Deutung päpſtlicher
720 1194 1324 1227 Bullen zu beſeitigen, daß in keiner dieſer
719 1239 1325 1272 Bullen irgend eine politiſche Gewalt der
719 1283 1324 1315 Willkür des Papſtes unterworfen und in
724 1327 1322 1362 keiner ein Geſetz verdammt wird, das in
723 1371 1328 1405 der heutigen Ordnung, wenn nicht etwa
724 1416 1322 1449 der Liberalismus ſelbſt ſich mit dem Staate
723 1459 1321 1492 verwechſelt, unentbehrlich oder auch nur
731 1503 1318 1536 nützlich iſt. Wir wiſſen auch ſehr wohl,
727 1548 1313 1581 daß wir trotz unſerer „Wiſſenſchaftlichkeit“
725 1593 1325 1626 nicht das geringſte Recht haben, irgend
729 1637 1320 1669 welchen päpſtlichen Erlaſſen durch künſtlich
723 1682 1323 1715 erſonnene Auslegungen einen falſchen Sinn
728 1725 1326 1760 zu unterſchieben, und daß die entgegen⸗
733 1770 1322 1804 ſtehende richtige Deutung, trüge ſie auch
727 1816 1329 1848 bloß ein  „unwiſſenſchaftlicher“ Jeſuit vor,
724 1858 1328 1892 mehr wiegt in den Augen der Vernünf⸗
732 1902 1324 1937 tigen, als unſere hundert falſchen. Ueber⸗
723 1947 1326 1981 dieß ſtehen auch bereits unſeren Deu⸗
725 1988 1328 2025 tungen die Auslegungen wirklicher Ge⸗
727 2034 1325 2070 lehrten gegenüber, unter anderen der Pro⸗
131 2147 1323 2188 ⁷ Daß keine päpſtliche Bulle die politiſchen Gewalten der Willkür des Papſtes
67 2192 1325 2233 unterwerfe, hat ſehr gut, ohne zu „willkürlichen Auslegungen“ ſeine Zuflucht zu nehmen,
62 2230 901 2277 ν. Döllinger bewieſen in Kirche und Kirchen. S. 46.
