<?xml version="1.0" encoding="UTF-8" standalone="yes"?>
<PcGts xmlns="http://schema.primaresearch.org/PAGE/gts/pagecontent/2013-07-15" xmlns:xsi="http://www.w3.org/2001/XMLSchema-instance" xsi:schemaLocation="http://schema.primaresearch.org/PAGE/gts/pagecontent/2013-07-15 http://schema.primaresearch.org/PAGE/gts/pagecontent/2013-07-15/pagecontent.xsd">
    <Metadata>
        <Creator>prov=University of Rostock/Institute of Mathematics/CITlab|PLANET AI GmbH/Gundram Leifert/gundram.leifert@planet-ai.de:name=Noscemus GM 3.0(htr_id=26395)::::v=2.6.7
prov=University of Rostock/Institute of Mathematics/CITlab|PLANET AI GmbH/Tobias Gruening/tobias.gruening@planet-ai.de:name=de.uros.citlab.module.baseline2polygon.B2PSeamMultiOriented:v=2.6.7
prov=University of Rostock/Institute of Mathematics/CITlab|PLANET AI GmbH/Tobias Gruening/tobias.gruening@planet-ai.de:name=/net_tf/LA73_249_0mod360.pb:de.uros.citlab.segmentation.CITlab_LA_ML:v=2.6.6
Transkribus</Creator>
        <Created>2020-11-23T16:20:22.904+01:00</Created>
        <LastChange>2021-05-12T10:54:26.467+02:00</LastChange>
        <TranskribusMetadata docId="543405" pageId="22812814" pageNr="11" tsid="57773977" status="GT" userId="78683" imgUrl="https://files.transkribus.eu/Get?id=NFJSODRGTDDODFPDPNSGJAEA&amp;fileType=view" xmlUrl="https://files.transkribus.eu/Get?id=DSJKMGYQYRSMJFMNOKVPEXKY" imageId="17787864"/>
    </Metadata>
    <Page imageFilename="stml_1871_01_00063.tif" imageWidth="1419" imageHeight="2339">
        <ReadingOrder>
            <OrderedGroup id="ro_1626327605338" caption="Regions reading order">
                <RegionRefIndexed index="0" regionRef="r1"/>
            </OrderedGroup>
        </ReadingOrder>
        <TextRegion orientation="0.0" id="r1" custom="readingOrder {index:0;}">
            <Coords points="49,37 49,2283 1325,2283 1325,37"/>
            <TextLine id="r1l1" custom="readingOrder {index:0;}">
                <Coords points="641,68 669,72 697,70 697,39 669,41 641,37"/>
                <Baseline points="641,58 669,62 697,60"/>
                <TextEquiv>
                    <Unicode>57</Unicode>
                </TextEquiv>
            </TextLine>
            <TextLine id="r1l2" custom="readingOrder {index:1;}">
                <Coords points="55,163 117,163 180,164 242,164 305,164 367,164 430,165 492,165 555,165 617,165 680,165 742,165 805,165 867,164 930,164 992,164 1055,164 1117,165 1180,165 1242,165 1305,165 1305,134 1242,134 1180,134 1117,134 1055,133 992,133 930,133 867,133 805,134 742,134 680,134 617,134 555,134 492,134 430,134 367,133 305,133 242,133 180,133 117,132 55,132"/>
                <Baseline points="55,153 117,153 180,154 242,154 305,154 367,154 430,155 492,155 555,155 617,155 680,155 742,155 805,155 867,154 930,154 992,154 1055,154 1117,155 1180,155 1242,155 1305,155"/>
                <TextEquiv>
                    <Unicode>gaben in Hindoſtan einer viermal größern Zahl von Anhängern als alle proteſtanti⸗</Unicode>
                </TextEquiv>
            </TextLine>
            <TextLine id="r1l3" custom="readingOrder {index:2;}">
                <Coords points="57,207 118,208 180,209 242,209 304,210 366,210 427,210 489,210 551,210 613,210 675,209 736,209 798,209 860,209 922,209 984,208 1045,209 1107,209 1169,209 1231,209 1293,210 1293,179 1231,178 1169,178 1107,178 1045,178 984,177 922,178 860,178 798,178 736,178 675,178 613,179 551,179 489,179 427,179 366,179 304,179 242,178 180,178 118,177 57,176"/>
                <Baseline points="57,197 118,198 180,199 242,199 304,200 366,200 427,200 489,200 551,200 613,200 675,199 736,199 798,199 860,199 922,199 984,198 1045,199 1107,199 1169,199 1231,199 1293,200"/>
                <TextEquiv>
                    <Unicode>ſchen Denominationen zuſammen. In Wirklichkeit iſt der Unterſchied noch viel bedeu⸗</Unicode>
                </TextEquiv>
            </TextLine>
            <TextLine id="r1l4" custom="readingOrder {index:3;}">
                <Coords points="49,252 111,252 174,252 237,253 300,253 363,253 425,253 488,253 551,253 614,253 677,253 739,253 802,253 865,253 928,253 991,253 1053,253 1116,253 1179,253 1242,253 1305,253 1305,222 1242,222 1179,222 1116,222 1053,222 991,222 928,222 865,222 802,222 739,222 677,222 614,222 551,222 488,222 425,222 363,222 300,222 237,222 174,221 111,221 49,221"/>
                <Baseline points="49,242 111,242 174,242 237,243 300,243 363,243 425,243 488,243 551,243 614,243 677,243 739,243 802,243 865,243 928,243 991,243 1053,243 1116,243 1179,243 1242,243 1305,243"/>
                <TextEquiv>
                    <Unicode>tender. Der Verfaſſer zählt 730,000 Römiſche Katholiken in Vorderindien. Nach der</Unicode>
                </TextEquiv>
            </TextLine>
            <TextLine id="r1l5" custom="readingOrder {index:4;}">
                <Coords points="49,297 111,297 174,297 236,298 299,298 361,298 424,298 486,298 549,298 611,297 674,297 736,297 799,297 861,297 924,297 986,297 1049,297 1111,297 1174,297 1236,297 1299,297 1299,266 1236,266 1174,266 1111,266 1049,266 986,266 924,266 861,266 799,266 736,266 674,266 611,266 549,267 486,267 424,267 361,267 299,267 236,267 174,266 111,266 49,266"/>
                <Baseline points="49,287 111,287 174,287 236,288 299,288 361,288 424,288 486,288 549,288 611,287 674,287 736,287 799,287 861,287 924,287 986,287 1049,287 1111,287 1174,287 1236,287 1299,287"/>
                <TextEquiv>
                    <Unicode>Ausgabe des Madras Directory von 1870 ſind es, mit Ausſchluß der unter Goani⸗</Unicode>
                </TextEquiv>
            </TextLine>
            <TextLine id="r1l6" custom="readingOrder {index:5;}">
                <Coords points="57,340 118,340 180,341 242,341 304,342 366,342 428,342 490,342 552,341 614,341 676,341 737,341 799,341 861,340 923,340 985,340 1047,340 1109,341 1171,341 1233,341 1295,342 1295,311 1233,310 1171,310 1109,310 1047,309 985,309 923,309 861,309 799,310 737,310 676,310 614,310 552,310 490,311 428,311 366,311 304,311 242,310 180,310 118,309 57,309"/>
                <Baseline points="57,330 118,330 180,331 242,331 304,332 366,332 428,332 490,332 552,331 614,331 676,331 737,331 799,331 861,330 923,330 985,330 1047,330 1109,331 1171,331 1233,331 1295,332"/>
                <TextEquiv>
                    <Unicode>ſcher Jurisdiction ſtehenden, nicht weniger als 924,733. Dazu kommen aber nach</Unicode>
                </TextEquiv>
            </TextLine>
            <TextLine id="r1l7" custom="readingOrder {index:6;}">
                <Coords points="51,384 113,385 175,385 238,385 300,386 363,386 425,386 488,386 550,386 613,386 675,385 737,385 800,385 862,385 925,385 987,385 1050,385 1112,385 1175,386 1237,386 1300,386 1300,355 1237,355 1175,355 1112,354 1050,354 987,354 925,354 862,354 800,354 737,354 675,354 613,355 550,355 488,355 425,355 363,355 300,355 238,354 175,354 113,354 51,353"/>
                <Baseline points="51,374 113,375 175,375 238,375 300,376 363,376 425,376 488,376 550,376 613,376 675,375 737,375 800,375 862,375 925,375 987,375 1050,375 1112,375 1175,376 1237,376 1300,376"/>
                <TextEquiv>
                    <Unicode>Beilegung des Goaniſchen Schisma’s 130,394, die der hl. Stuhl durch Anerkennung</Unicode>
                </TextEquiv>
            </TextLine>
            <TextLine id="r1l8" custom="readingOrder {index:7;}">
                <Coords points="53,428 115,429 177,430 239,430 302,430 364,431 426,431 489,431 551,431 613,430 676,430 738,430 800,430 862,430 925,429 987,429 1049,429 1112,429 1174,429 1236,430 1299,430 1299,399 1236,399 1174,398 1112,398 1049,398 987,398 925,398 862,399 800,399 738,399 676,399 613,399 551,400 489,400 426,400 364,400 302,399 239,399 177,399 115,398 53,397"/>
                <Baseline points="53,418 115,419 177,420 239,420 302,420 364,421 426,421 489,421 551,421 613,420 676,420 738,420 800,420 862,420 925,419 987,419 1049,419 1112,419 1174,419 1236,420 1299,420"/>
                <TextEquiv>
                    <Unicode>des Status quo unter der Jurisdiction des Erzbiſchofs von Goa gelaſſen hat, obwohl</Unicode>
                </TextEquiv>
            </TextLine>
            <TextLine id="r1l9" custom="readingOrder {index:8;}">
                <Coords points="59,474 121,474 183,474 245,474 307,474 369,474 431,474 493,474 555,474 617,474 679,474 741,474 803,474 865,474 927,474 989,474 1051,474 1113,474 1175,474 1237,474 1299,474 1299,443 1237,443 1175,443 1113,443 1051,443 989,443 927,443 865,443 803,443 741,443 679,443 617,443 555,443 493,443 431,443 369,443 307,443 245,443 183,443 121,443 59,443"/>
                <Baseline points="59,464 121,464 183,464 245,464 307,464 369,464 431,464 493,464 555,464 617,464 679,464 741,464 803,464 865,464 927,464 989,464 1051,464 1113,464 1175,464 1237,464 1317,464"/>
                <TextEquiv>
                    <Unicode>ſie in den engliſchen Beſitzungen innerhalb der Apoſtoliſchen Vicariate zerſtreut leben;</Unicode>
                </TextEquiv>
            </TextLine>
            <TextLine id="r1l10" custom="readingOrder {index:9;}">
                <Coords points="49,519 112,519 175,519 238,519 301,519 364,519 427,519 490,519 553,519 616,519 679,519 742,519 805,519 868,519 931,519 994,519 1057,519 1120,518 1183,518 1246,518 1310,518 1310,487 1246,487 1183,487 1120,487 1057,488 994,488 931,488 868,488 805,488 742,488 679,488 616,488 553,488 490,488 427,488 364,488 301,488 238,488 175,488 112,488 49,488"/>
                <Baseline points="49,509 112,509 175,509 238,509 301,509 364,509 427,509 490,509 553,509 616,509 679,509 742,509 805,509 868,509 931,509 994,509 1057,509 1120,508 1183,508 1246,508 1310,508"/>
                <TextEquiv>
                    <Unicode>und endlich 300,000 Katholiken in der portugieſiſchen Colonie. Demnach wären in</Unicode>
                </TextEquiv>
            </TextLine>
            <TextLine id="r1l11" custom="readingOrder {index:10;}">
                <Coords points="50,563 113,563 176,563 239,563 302,563 365,563 428,562 491,562 554,562 617,562 680,562 743,562 806,562 869,562 932,562 995,562 1058,562 1121,562 1184,562 1247,562 1310,562 1310,531 1247,531 1184,531 1121,531 1058,531 995,531 932,531 869,531 806,531 743,531 680,531 617,531 554,531 491,531 428,531 365,532 302,532 239,532 176,532 113,532 50,532"/>
                <Baseline points="50,553 113,553 176,553 239,553 302,553 365,553 428,552 491,552 554,552 617,552 680,552 743,552 806,552 869,552 932,552 995,552 1058,552 1121,552 1184,552 1247,552 1310,552"/>
                <TextEquiv>
                    <Unicode>Indien 1,355,127 Katholiken. Proteſtanten zählt aber Hr. Grundemann nur 187,000.</Unicode>
                </TextEquiv>
            </TextLine>
            <TextLine id="r1l12" custom="readingOrder {index:11;}">
                <Coords points="60,607 122,607 184,607 246,607 308,607 371,607 433,607 495,607 557,607 619,607 682,608 744,607 806,607 868,607 930,607 993,607 1055,607 1117,607 1179,607 1241,606 1304,606 1304,576 1241,576 1179,577 1117,577 1055,577 993,577 930,577 868,577 806,577 744,577 682,578 619,577 557,577 495,577 433,577 371,577 308,577 246,577 184,577 122,577 60,577"/>
                <Baseline points="60,597 122,597 184,597 246,597 308,597 371,597 433,597 495,597 557,597 619,597 682,598 744,597 806,597 868,597 930,597 993,597 1055,597 1117,597 1179,597 1241,596 1304,596"/>
                <TextEquiv>
                    <Unicode>Und auch dieſe Summe hat er nicht durch Zuſammenrechnen ſpecieller Angaben, ſon⸗</Unicode>
                </TextEquiv>
            </TextLine>
            <TextLine id="r1l13" custom="readingOrder {index:12;}">
                <Coords points="53,651 115,651 178,651 241,651 303,651 366,651 429,650 491,650 554,650 617,650 680,650 742,650 805,650 868,650 930,650 993,650 1056,650 1118,650 1181,650 1244,650 1307,650 1307,620 1244,620 1181,620 1118,620 1056,620 993,620 930,620 868,620 805,620 742,620 680,620 617,620 554,620 491,620 429,620 366,621 303,621 241,621 178,621 115,621 53,621"/>
                <Baseline points="53,641 115,641 178,641 241,641 303,641 366,641 429,640 491,640 554,640 617,640 680,640 742,640 805,640 868,640 930,640 993,640 1056,640 1118,640 1181,640 1244,640 1307,640"/>
                <TextEquiv>
                    <Unicode>dern bloß durch eine Wahrſcheinlichkeitsrechnung en bloe herausgebracht. Hier wird</Unicode>
                </TextEquiv>
            </TextLine>
            <TextLine id="r1l14" custom="readingOrder {index:13;}">
                <Coords points="58,696 120,695 183,695 245,694 308,694 371,694 433,694 496,694 558,694 621,695 684,695 746,695 809,695 871,696 934,696 997,696 1059,696 1122,695 1184,695 1247,694 1310,694 1310,663 1247,663 1184,664 1122,664 1059,665 997,665 934,665 871,665 809,664 746,664 684,664 621,664 558,663 496,663 433,663 371,663 308,663 245,663 183,664 120,664 58,665"/>
                <Baseline points="58,686 120,685 183,685 245,684 308,684 371,684 433,684 496,684 558,684 621,685 684,685 746,685 809,685 871,686 934,686 997,686 1059,686 1122,685 1184,685 1247,684 1310,684"/>
                <TextEquiv>
                    <Unicode>gleichfalls eine Berichtigung angezeigt ſein. „Die ganze Zahl der in irgend einem</Unicode>
                </TextEquiv>
            </TextLine>
            <TextLine id="r1l15" custom="readingOrder {index:14;}">
                <Coords points="61,739 123,739 185,739 247,739 309,739 371,739 433,739 496,738 558,738 620,738 682,738 744,738 806,738 868,738 931,738 993,738 1055,738 1117,738 1179,738 1241,739 1304,739 1304,709 1241,709 1179,708 1117,708 1055,708 993,708 931,708 868,708 806,708 744,708 682,708 620,708 558,708 496,708 433,709 371,709 309,709 247,709 185,709 123,709 61,709"/>
                <Baseline points="61,729 123,729 185,729 247,729 309,729 371,729 433,729 496,728 558,728 620,728 682,728 744,728 806,728 868,728 931,728 993,728 1055,728 1117,728 1179,728 1241,729 1304,729"/>
                <TextEquiv>
                    <Unicode>Sinne zum Chriſtenthum Bekehrten“, ſchreibt der proteſtantiſche Miſſionär Ward,</Unicode>
                </TextEquiv>
            </TextLine>
            <TextLine id="r1l16" custom="readingOrder {index:15;}">
                <Coords points="59,785 121,785 184,785 246,784 309,784 371,784 434,783 496,783 559,783 621,782 684,782 747,782 809,781 872,781 934,781 997,781 1059,781 1122,782 1184,782 1247,783 1310,784 1310,753 1247,752 1184,751 1122,751 1059,750 997,750 934,750 872,750 809,750 747,751 684,751 621,751 559,752 496,752 434,752 371,753 309,753 246,753 184,754 121,754 59,754"/>
                <Baseline points="59,775 121,775 184,775 246,774 309,774 371,774 434,773 496,773 559,773 621,772 684,772 747,772 809,771 872,771 934,771 997,771 1059,771 1122,772 1184,772 1247,773 1310,774"/>
                <TextEquiv>
                    <Unicode>„beträgt nicht ein Zehntel der in den Miſſionsberichten genannten.“ ¹ Wie dem aber</Unicode>
                </TextEquiv>
            </TextLine>
            <TextLine id="r1l17" custom="readingOrder {index:16;}">
                <Coords points="51,829 113,829 176,829 238,828 301,828 364,828 426,827 489,827 551,826 614,826 677,826 739,825 802,825 864,825 927,825 990,825 1052,825 1115,826 1177,826 1240,826 1303,827 1303,797 1240,796 1177,796 1115,796 1052,795 990,795 927,795 864,795 802,795 739,795 677,796 614,796 551,796 489,797 426,797 364,798 301,798 238,798 176,799 113,799 51,799"/>
                <Baseline points="51,819 113,819 176,819 238,818 301,818 364,818 426,817 489,817 551,816 614,816 677,816 739,815 802,815 864,815 927,815 990,815 1052,815 1115,816 1177,816 1240,816 1303,817"/>
                <TextEquiv>
                    <Unicode>auch ſei, jedenfalls zählt die katholiſche Kirche weit mehr Anhänger, als alle ihr</Unicode>
                </TextEquiv>
            </TextLine>
            <TextLine id="r1l18" custom="readingOrder {index:17;}">
                <Coords points="54,875 116,874 179,873 241,872 304,871 367,871 429,871 492,870 554,870 617,870 680,870 742,870 805,870 867,870 930,870 993,870 1055,870 1118,870 1180,869 1243,869 1306,868 1306,838 1243,839 1180,839 1118,840 1055,840 993,840 930,840 867,840 805,840 742,840 680,840 617,840 554,840 492,840 429,841 367,841 304,841 241,842 179,843 116,844 54,845"/>
                <Baseline points="54,865 116,864 179,863 241,862 304,861 367,861 429,861 492,860 554,860 617,860 680,860 742,860 805,860 867,860 930,860 993,860 1055,860 1118,860 1180,859 1243,859 1306,858"/>
                <TextEquiv>
                    <Unicode>gegenüberſtehenden Miſſionsvereine, und dem entſprechend hätte der Atlas ihr wohl</Unicode>
                </TextEquiv>
            </TextLine>
            <TextLine id="r1l19" custom="readingOrder {index:18;}">
                <Coords points="58,916 120,916 182,916 245,916 307,916 370,916 432,916 494,916 557,916 619,916 682,916 744,916 806,915 869,915 931,915 994,915 1056,914 1118,914 1181,914 1243,914 1306,914 1306,884 1243,884 1181,884 1118,884 1056,884 994,885 931,885 869,885 806,885 744,886 682,886 619,886 557,886 494,886 432,886 370,886 307,886 245,886 182,886 120,886 58,886"/>
                <Baseline points="58,906 120,906 182,906 245,906 307,906 370,906 432,906 494,906 557,906 619,906 682,906 744,906 806,905 869,905 931,905 994,905 1056,904 1118,904 1181,904 1243,904 1306,904"/>
                <TextEquiv>
                    <Unicode>etwas mehr einräumen können, als der geringſten dieſer Geſellſchaften. Um gleich</Unicode>
                </TextEquiv>
            </TextLine>
            <TextLine id="r1l20" custom="readingOrder {index:19;}">
                <Coords points="55,961 117,961 180,961 242,961 305,961 368,961 430,961 493,961 556,960 618,960 681,960 744,960 806,960 869,960 932,960 994,960 1057,960 1120,960 1182,959 1245,959 1308,959 1308,928 1245,928 1182,928 1120,929 1057,929 994,929 932,929 869,929 806,929 744,929 681,929 618,929 556,929 493,930 430,930 368,930 305,930 242,930 180,930 117,930 55,930"/>
                <Baseline points="55,951 117,951 180,951 242,951 305,951 368,951 430,951 493,951 556,950 618,950 681,950 744,950 806,950 869,950 932,950 994,950 1057,950 1120,950 1182,949 1245,949 1308,949"/>
                <TextEquiv>
                    <Unicode>unſern Wunſch zu präciſiren: es will uns bedünken, die katholiſche Miſſion könne gar</Unicode>
                </TextEquiv>
            </TextLine>
            <TextLine id="r1l21" custom="readingOrder {index:20;}">
                <Coords points="62,1006 123,1006 185,1006 247,1006 309,1005 371,1005 432,1005 494,1005 556,1005 618,1005 680,1005 741,1005 803,1005 865,1005 927,1005 989,1005 1050,1005 1112,1004 1174,1004 1236,1004 1298,1004 1298,973 1236,973 1174,973 1112,973 1050,974 989,974 927,974 865,974 803,974 741,974 680,974 618,974 556,974 494,974 432,974 371,974 309,974 247,975 185,975 123,975 62,975"/>
                <Baseline points="62,996 123,996 185,996 247,996 309,995 371,995 432,995 494,995 556,995 618,995 680,995 741,995 803,995 865,995 927,995 989,995 1050,995 1112,994 1174,994 1236,994 1298,994"/>
                <TextEquiv>
                    <Unicode>nicht gehörig in einem Atlas dargeſtellt werden, ohne daß ihre ebenſo großartige als</Unicode>
                </TextEquiv>
            </TextLine>
            <TextLine id="r1l22" custom="readingOrder {index:21;}">
                <Coords points="57,1051 119,1051 182,1050 244,1050 307,1050 369,1050 432,1050 494,1050 557,1050 619,1050 682,1050 744,1049 807,1049 869,1049 932,1049 994,1049 1057,1049 1119,1049 1182,1049 1244,1048 1307,1048 1307,1018 1244,1018 1182,1019 1119,1019 1057,1019 994,1019 932,1019 869,1019 807,1019 744,1019 682,1020 619,1020 557,1020 494,1020 432,1020 369,1020 307,1020 244,1020 182,1020 119,1021 57,1021"/>
                <Baseline points="57,1041 119,1041 182,1040 244,1040 307,1040 369,1040 432,1040 494,1040 557,1040 619,1040 682,1040 744,1039 807,1039 869,1039 932,1039 994,1039 1057,1039 1119,1039 1182,1039 1244,1038 1307,1038"/>
                <TextEquiv>
                    <Unicode>feſte Organiſation nach Bisthümern und Apoſtoliſchen Vicariaten in anſchaulicher</Unicode>
                </TextEquiv>
            </TextLine>
            <TextLine id="r1l23" custom="readingOrder {index:22;}">
                <Coords points="63,1093 115,1093 168,1094 221,1094 274,1094 326,1095 379,1095 432,1095 485,1095 537,1095 590,1095 643,1095 696,1095 748,1094 801,1094 854,1094 907,1094 959,1094 1012,1093 1065,1093 1118,1093 1118,1063 1065,1063 1012,1063 959,1064 907,1064 854,1064 801,1064 748,1064 696,1065 643,1065 590,1065 537,1065 485,1065 432,1065 379,1065 326,1065 274,1064 221,1064 168,1064 115,1063 63,1063"/>
                <Baseline points="63,1083 115,1083 168,1084 221,1084 274,1084 326,1085 379,1085 432,1085 485,1085 537,1085 590,1085 643,1085 696,1085 748,1084 801,1084 854,1084 907,1084 959,1084 1012,1083 1065,1083 1118,1083"/>
                <TextEquiv>
                    <Unicode>Weiſe, etwa durch farbige Grenzen, auf der Karte zum Ausdruck kämen.</Unicode>
                </TextEquiv>
            </TextLine>
            <TextLine id="r1l24" custom="readingOrder {index:23;}">
                <Coords points="121,1138 180,1139 239,1139 298,1139 358,1140 417,1140 476,1140 536,1140 595,1140 654,1140 714,1139 773,1139 832,1139 891,1139 951,1139 1010,1138 1069,1138 1129,1138 1188,1138 1247,1137 1307,1137 1307,1106 1247,1106 1188,1107 1129,1107 1069,1107 1010,1107 951,1108 891,1108 832,1108 773,1108 714,1108 654,1109 595,1109 536,1109 476,1109 417,1109 358,1109 298,1108 239,1108 180,1108 121,1107"/>
                <Baseline points="121,1128 180,1129 239,1129 298,1129 358,1130 417,1130 476,1130 536,1130 595,1130 654,1130 714,1129 773,1129 832,1129 891,1129 951,1129 1010,1128 1069,1128 1129,1128 1188,1128 1247,1127 1307,1127"/>
                <TextEquiv>
                    <Unicode>Wir gehen nun zu dem den Karten beigegebenen Texte über. Hier hat der Ver⸗</Unicode>
                </TextEquiv>
            </TextLine>
            <TextLine id="r1l25" custom="readingOrder {index:24;}">
                <Coords points="60,1184 122,1184 185,1184 247,1184 310,1184 373,1184 435,1184 498,1184 560,1184 623,1184 686,1184 748,1183 811,1183 873,1183 936,1183 999,1183 1061,1182 1124,1182 1186,1182 1249,1182 1312,1182 1312,1151 1249,1151 1186,1151 1124,1151 1061,1151 999,1152 936,1152 873,1152 811,1152 748,1152 686,1153 623,1153 560,1153 498,1153 435,1153 373,1153 310,1153 247,1153 185,1153 122,1153 60,1153"/>
                <Baseline points="60,1174 122,1174 185,1174 247,1174 310,1174 373,1174 435,1174 498,1174 560,1174 623,1174 686,1174 748,1173 811,1173 873,1173 936,1173 999,1173 1061,1172 1124,1172 1186,1172 1249,1172 1312,1172"/>
                <TextEquiv>
                    <Unicode>faſſer einſeitigen proteſtantiſchen Miſſionsberichten und wohl auch ſeiner eigenen Her⸗</Unicode>
                </TextEquiv>
            </TextLine>
            <TextLine id="r1l26" custom="readingOrder {index:25;}">
                <Coords points="59,1229 121,1229 184,1229 246,1229 309,1228 372,1228 434,1228 497,1228 560,1228 622,1228 685,1228 748,1228 810,1227 873,1227 936,1227 998,1227 1061,1227 1124,1227 1186,1226 1249,1226 1312,1226 1312,1195 1249,1195 1186,1195 1124,1196 1061,1196 998,1196 936,1196 873,1196 810,1196 748,1197 685,1197 622,1197 560,1197 497,1197 434,1197 372,1197 309,1197 246,1198 184,1198 121,1198 59,1198"/>
                <Baseline points="59,1219 121,1219 184,1219 246,1219 309,1218 372,1218 434,1218 497,1218 560,1218 622,1218 685,1218 748,1218 810,1217 873,1217 936,1217 998,1217 1061,1217 1124,1217 1186,1216 1249,1216 1312,1216"/>
                <TextEquiv>
                    <Unicode>zensneigung zu viel vertraut. Darum bringt er, gewiß gegen ſeinen Willen, manches</Unicode>
                </TextEquiv>
            </TextLine>
            <TextLine id="r1l27" custom="readingOrder {index:26;}">
                <Coords points="53,1272 115,1272 178,1272 241,1273 304,1273 367,1273 430,1273 492,1273 555,1273 618,1273 681,1272 744,1272 807,1272 870,1272 932,1271 995,1271 1058,1270 1121,1270 1184,1269 1247,1269 1310,1268 1310,1238 1247,1239 1184,1239 1121,1240 1058,1240 995,1241 932,1241 870,1242 807,1242 744,1242 681,1242 618,1243 555,1243 492,1243 430,1243 367,1243 304,1243 241,1243 178,1242 115,1242 53,1242"/>
                <Baseline points="53,1262 115,1262 178,1262 241,1263 304,1263 367,1263 430,1263 492,1263 555,1263 618,1263 681,1262 744,1262 807,1262 870,1262 932,1261 995,1261 1058,1260 1121,1260 1184,1259 1247,1259 1310,1258"/>
                <TextEquiv>
                    <Unicode>Irrthümliche vor. Daß er den Jeſuiten vorwirft, „durch Einmiſchung in die Colo⸗</Unicode>
                </TextEquiv>
            </TextLine>
            <TextLine id="r1l28" custom="readingOrder {index:27;}">
                <Coords points="63,1315 125,1316 187,1317 249,1317 312,1317 374,1318 436,1317 498,1317 561,1317 623,1317 685,1316 747,1316 810,1315 872,1315 934,1315 996,1314 1059,1314 1121,1314 1183,1314 1245,1314 1308,1315 1308,1285 1245,1284 1183,1284 1121,1284 1059,1284 996,1284 934,1285 872,1285 810,1285 747,1286 685,1286 623,1287 561,1287 498,1287 436,1287 374,1288 312,1287 249,1287 187,1287 125,1286 63,1285"/>
                <Baseline points="63,1305 125,1306 187,1307 249,1307 312,1307 374,1308 436,1307 498,1307 561,1307 623,1307 685,1306 747,1306 810,1305 872,1305 934,1305 996,1304 1059,1304 1121,1304 1183,1304 1245,1304 1308,1305"/>
                <TextEquiv>
                    <Unicode>nial⸗Regierung u. ſ. w.“ das Miſſionsweſen auf den Philippinen geſchädigt zu haben,</Unicode>
                </TextEquiv>
            </TextLine>
            <TextLine id="r1l29" custom="readingOrder {index:28;}">
                <Coords points="57,1359 119,1360 182,1361 244,1361 307,1361 369,1361 432,1361 494,1361 557,1361 619,1361 682,1361 745,1360 807,1360 870,1360 932,1360 995,1359 1057,1359 1120,1358 1182,1358 1245,1358 1308,1357 1308,1327 1245,1328 1182,1328 1120,1328 1057,1329 995,1329 932,1330 870,1330 807,1330 745,1330 682,1331 619,1331 557,1331 494,1331 432,1331 369,1331 307,1331 244,1331 182,1331 119,1330 57,1329"/>
                <Baseline points="57,1349 119,1350 182,1351 244,1351 307,1351 369,1351 432,1351 494,1351 557,1351 619,1351 682,1351 745,1350 807,1350 870,1350 932,1350 995,1349 1057,1349 1120,1348 1182,1348 1245,1348 1308,1347"/>
                <TextEquiv>
                    <Unicode>daß er die Portugieſen beſchuldigt, durch Anwendung der Inquiſition und Gewalt⸗</Unicode>
                </TextEquiv>
            </TextLine>
            <TextLine id="r1l30" custom="readingOrder {index:29;}">
                <Coords points="60,1404 122,1404 184,1405 247,1405 309,1405 372,1406 434,1406 496,1406 559,1406 621,1406 684,1405 746,1405 808,1405 871,1405 933,1404 996,1404 1058,1403 1120,1403 1183,1402 1245,1402 1308,1401 1308,1370 1245,1371 1183,1371 1120,1372 1058,1372 996,1373 933,1373 871,1374 808,1374 746,1374 684,1374 621,1375 559,1375 496,1375 434,1375 372,1375 309,1374 247,1374 184,1374 122,1373 60,1373"/>
                <Baseline points="60,1394 122,1394 184,1395 247,1395 309,1395 372,1396 434,1396 496,1396 559,1396 621,1396 684,1395 746,1395 808,1395 871,1395 933,1394 996,1394 1058,1393 1120,1393 1183,1392 1245,1392 1308,1391"/>
                <TextEquiv>
                    <Unicode>maßregeln dem Chriſtenthum im Indiſchen Archipel „unauslöſchliche Schandmale auf⸗</Unicode>
                </TextEquiv>
            </TextLine>
            <TextLine id="r1l31" custom="readingOrder {index:30;}">
                <Coords points="55,1448 121,1449 187,1449 253,1450 320,1450 386,1450 452,1450 518,1450 585,1450 651,1450 717,1450 783,1449 850,1449 916,1449 982,1448 1048,1448 1115,1447 1181,1446 1247,1446 1314,1445 1314,1414 1247,1415 1181,1415 1115,1416 1048,1417 982,1417 916,1418 850,1418 783,1418 717,1419 651,1419 585,1419 518,1419 452,1419 386,1419 320,1419 253,1419 187,1418 121,1418 55,1417"/>
                <Baseline points="55,1438 121,1439 187,1439 253,1440 320,1440 386,1440 452,1440 518,1440 585,1440 651,1440 717,1440 783,1439 850,1439 916,1439 982,1438 1048,1438 1115,1437 1181,1436 1247,1436 1314,1435"/>
                <TextEquiv>
                    <Unicode>gebrannt“ und dadurch dem Islam Vorſchub geleiſtet zu haben, darf man wohl einem</Unicode>
                </TextEquiv>
            </TextLine>
            <TextLine id="r1l32" custom="readingOrder {index:31;}">
                <Coords points="57,1490 119,1492 182,1493 245,1494 308,1495 371,1495 434,1495 497,1495 560,1495 623,1494 686,1494 748,1493 811,1493 874,1492 937,1491 1000,1491 1063,1490 1126,1490 1189,1490 1252,1490 1315,1490 1315,1459 1252,1459 1189,1459 1126,1459 1063,1459 1000,1460 937,1460 874,1461 811,1462 748,1462 686,1463 623,1463 560,1464 497,1464 434,1464 371,1464 308,1464 245,1463 182,1462 119,1461 57,1459"/>
                <Baseline points="57,1480 119,1482 182,1483 245,1484 308,1485 371,1485 434,1485 497,1485 560,1485 623,1484 686,1484 748,1483 811,1483 874,1482 937,1481 1000,1481 1063,1480 1126,1480 1189,1480 1252,1480 1315,1480"/>
                <TextEquiv>
                    <Unicode>Prediger zu gut halten. Jeſuiten und Inquiſition ſind nun einmal Schreckbilder</Unicode>
                </TextEquiv>
            </TextLine>
            <TextLine id="r1l33" custom="readingOrder {index:32;}">
                <Coords points="63,1537 125,1538 188,1538 250,1538 313,1538 375,1538 438,1538 500,1538 563,1538 625,1538 688,1538 750,1537 813,1537 875,1537 938,1536 1000,1536 1063,1535 1125,1535 1188,1535 1250,1534 1313,1534 1313,1503 1250,1503 1188,1504 1125,1504 1063,1504 1000,1505 938,1505 875,1506 813,1506 750,1506 688,1507 625,1507 563,1507 500,1507 438,1507 375,1507 313,1507 250,1507 188,1507 125,1507 63,1506"/>
                <Baseline points="63,1527 125,1528 188,1528 250,1528 313,1528 375,1528 438,1528 500,1528 563,1528 625,1528 688,1528 750,1527 813,1527 875,1527 938,1526 1000,1526 1063,1525 1125,1525 1188,1525 1250,1524 1313,1524"/>
                <TextEquiv>
                    <Unicode>für Alle, welche die Geſchichte katholiſcher Völker und Inſtitutionen nicht genugſam</Unicode>
                </TextEquiv>
            </TextLine>
            <TextLine id="r1l34" custom="readingOrder {index:33;}">
                <Coords points="59,1580 121,1581 184,1582 247,1582 309,1583 372,1583 435,1583 497,1583 560,1582 623,1582 686,1582 748,1581 811,1581 874,1580 936,1580 999,1579 1062,1579 1124,1579 1187,1579 1250,1579 1313,1580 1313,1549 1250,1548 1187,1548 1124,1548 1062,1548 999,1548 936,1549 874,1549 811,1550 748,1550 686,1551 623,1551 560,1551 497,1552 435,1552 372,1552 309,1552 247,1551 184,1551 121,1550 59,1549"/>
                <Baseline points="59,1570 121,1571 184,1572 247,1572 309,1573 372,1573 435,1573 497,1573 560,1572 623,1572 686,1572 748,1571 811,1571 874,1570 936,1570 999,1569 1062,1569 1124,1569 1187,1569 1250,1569 1313,1570"/>
                <TextEquiv>
                    <Unicode>kennen. Sogar ein hervorragender Gelehrter, wie Ritter, ſpricht in ſeiner „Erdkunde</Unicode>
                </TextEquiv>
            </TextLine>
            <TextLine id="r1l35" custom="readingOrder {index:34;}">
                <Coords points="57,1624 119,1625 182,1626 245,1627 308,1627 371,1627 433,1628 496,1627 559,1627 622,1627 685,1626 747,1626 810,1626 873,1625 936,1624 999,1624 1061,1624 1124,1623 1187,1623 1250,1623 1313,1623 1313,1592 1250,1592 1187,1592 1124,1592 1061,1593 999,1593 936,1593 873,1594 810,1595 747,1595 685,1595 622,1596 559,1596 496,1596 433,1597 371,1596 308,1596 245,1596 182,1595 119,1594 57,1593"/>
                <Baseline points="57,1614 119,1615 182,1616 245,1617 308,1617 371,1617 433,1618 496,1617 559,1617 622,1617 685,1616 747,1616 810,1616 873,1615 936,1614 999,1614 1061,1614 1124,1613 1187,1613 1250,1613 1313,1613"/>
                <TextEquiv>
                    <Unicode>von Aſien“² über die „ſchaudervolle Inquiſition“ als Urſache des Verfalles der portu⸗</Unicode>
                </TextEquiv>
            </TextLine>
            <TextLine id="r1l36" custom="readingOrder {index:35;}">
                <Coords points="64,1671 126,1672 188,1672 250,1672 313,1673 375,1673 437,1672 500,1672 562,1672 624,1671 687,1671 749,1671 811,1670 873,1670 936,1669 998,1669 1060,1669 1123,1668 1185,1668 1247,1668 1310,1669 1310,1639 1247,1638 1185,1638 1123,1638 1060,1639 998,1639 936,1639 873,1640 811,1640 749,1641 687,1641 624,1641 562,1642 500,1642 437,1642 375,1643 313,1643 250,1642 188,1642 126,1642 64,1641"/>
                <Baseline points="64,1661 126,1662 188,1662 250,1662 313,1663 375,1663 437,1662 500,1662 562,1662 624,1661 687,1661 749,1661 811,1660 873,1660 936,1659 998,1659 1060,1659 1123,1658 1185,1658 1247,1658 1310,1659"/>
                <TextEquiv>
                    <Unicode>gieſiſchen Macht, über „die Streiche der Schlauheit und Gewalt“, welche die „teuf⸗</Unicode>
                </TextEquiv>
            </TextLine>
            <TextLine id="r1l37" custom="readingOrder {index:36;}">
                <Coords points="61,1711 123,1713 186,1715 249,1716 311,1717 374,1717 437,1717 499,1717 562,1717 625,1716 688,1716 750,1715 813,1714 876,1714 938,1713 1001,1713 1064,1712 1126,1712 1189,1712 1252,1712 1315,1713 1315,1683 1252,1682 1189,1682 1126,1682 1064,1682 1001,1683 938,1683 876,1684 813,1684 750,1685 688,1686 625,1686 562,1687 499,1687 437,1687 374,1687 311,1687 249,1686 186,1685 123,1683 61,1681"/>
                <Baseline points="61,1701 123,1703 186,1705 249,1706 311,1707 374,1707 437,1707 499,1707 562,1707 625,1706 688,1706 750,1705 813,1704 876,1704 938,1703 1001,1703 1064,1702 1126,1702 1189,1702 1252,1702 1315,1703"/>
                <TextEquiv>
                    <Unicode>liſche Inquiſition“ gegen die „evangeliſch geſinnten Thomaschriſten verübte, wogegen</Unicode>
                </TextEquiv>
            </TextLine>
            <TextLine id="r1l38" custom="readingOrder {index:37;}">
                <Coords points="57,1757 119,1758 182,1759 245,1760 307,1761 370,1761 433,1761 495,1761 558,1761 621,1760 684,1760 746,1759 809,1758 872,1758 934,1757 997,1757 1060,1756 1122,1756 1185,1756 1248,1756 1311,1756 1311,1725 1248,1725 1185,1725 1122,1725 1060,1725 997,1726 934,1726 872,1727 809,1727 746,1728 684,1729 621,1729 558,1730 495,1730 433,1730 370,1730 307,1730 245,1729 182,1728 119,1727 57,1726"/>
                <Baseline points="57,1747 119,1748 182,1749 245,1750 307,1751 370,1751 433,1751 495,1751 558,1751 621,1750 684,1750 746,1749 809,1748 872,1748 934,1747 997,1747 1060,1746 1122,1746 1185,1746 1248,1746 1311,1746"/>
                <TextEquiv>
                    <Unicode>er „das Verdienſt“ der Holländer „um die Sorge des chriſtlichen Gottesdienſtes“ in</Unicode>
                </TextEquiv>
            </TextLine>
            <TextLine id="r1l39" custom="readingOrder {index:38;}">
                <Coords points="62,1803 124,1804 187,1804 250,1804 312,1804 375,1804 438,1804 500,1804 563,1804 626,1804 689,1804 751,1804 814,1803 877,1803 939,1803 1002,1802 1065,1802 1127,1802 1190,1801 1253,1801 1316,1800 1316,1769 1253,1770 1190,1770 1127,1771 1065,1771 1002,1771 939,1772 877,1772 814,1772 751,1773 689,1773 626,1773 563,1773 500,1773 438,1773 375,1773 312,1773 250,1773 187,1773 124,1773 62,1772"/>
                <Baseline points="62,1793 124,1794 187,1794 250,1794 312,1794 375,1794 438,1794 500,1794 563,1794 626,1794 689,1794 751,1794 814,1793 877,1793 939,1793 1002,1792 1065,1792 1127,1792 1190,1791 1253,1791 1316,1790"/>
                <TextEquiv>
                    <Unicode>Indien und die Beendigung der portugieſiſchen Verfolgungen hoch erhebt. Ritter's</Unicode>
                </TextEquiv>
            </TextLine>
            <TextLine id="r1l40" custom="readingOrder {index:39;}">
                <Coords points="65,1846 127,1847 190,1848 252,1849 315,1849 377,1849 440,1849 502,1849 565,1849 627,1849 690,1848 753,1848 815,1848 878,1847 940,1847 1003,1847 1065,1846 1128,1846 1190,1846 1253,1846 1316,1846 1316,1815 1253,1815 1190,1815 1128,1815 1065,1815 1003,1816 940,1816 878,1816 815,1817 753,1817 690,1817 627,1818 565,1818 502,1818 440,1818 377,1818 315,1818 252,1818 190,1817 127,1816 65,1815"/>
                <Baseline points="65,1836 127,1837 190,1838 252,1839 315,1839 377,1839 440,1839 502,1839 565,1839 627,1839 690,1838 753,1838 815,1838 878,1837 940,1837 1003,1837 1065,1836 1128,1836 1190,1836 1253,1836 1316,1836"/>
                <TextEquiv>
                    <Unicode>claſſiſches Werk gab in dieſem Punkte den Ton an für andere deutſche Schriftſteller,</Unicode>
                </TextEquiv>
            </TextLine>
            <TextLine id="r1l41" custom="readingOrder {index:40;}">
                <Coords points="63,1889 125,1890 188,1891 250,1892 313,1892 376,1893 438,1893 501,1893 563,1893 626,1893 689,1893 751,1893 814,1892 876,1892 939,1891 1002,1891 1064,1891 1127,1890 1189,1890 1252,1889 1315,1889 1315,1858 1252,1858 1189,1859 1127,1859 1064,1860 1002,1860 939,1860 876,1861 814,1861 751,1862 689,1862 626,1862 563,1862 501,1862 438,1862 376,1862 313,1861 250,1861 188,1860 125,1859 63,1858"/>
                <Baseline points="63,1879 125,1880 188,1881 250,1882 313,1882 376,1883 438,1883 501,1883 563,1883 626,1883 689,1883 751,1883 814,1882 876,1882 939,1881 1002,1881 1064,1881 1127,1880 1189,1880 1252,1879 1315,1879"/>
                <TextEquiv>
                    <Unicode>weßhalb wir ihn hier zugleich berückſichtigen wollen. Wir ſagen alſo: auf die Unge⸗</Unicode>
                </TextEquiv>
            </TextLine>
            <TextLine id="r1l42" custom="readingOrder {index:41;}">
                <Coords points="57,1934 119,1935 182,1936 245,1936 307,1937 370,1937 433,1938 495,1938 558,1938 621,1938 684,1938 746,1937 809,1937 872,1937 934,1936 997,1936 1060,1935 1122,1935 1185,1934 1248,1933 1311,1932 1311,1901 1248,1902 1185,1903 1122,1904 1060,1904 997,1905 934,1905 872,1906 809,1906 746,1906 684,1907 621,1907 558,1907 495,1907 433,1907 370,1906 307,1906 245,1905 182,1905 119,1904 57,1903"/>
                <Baseline points="57,1924 119,1925 182,1926 245,1926 307,1927 370,1927 433,1928 495,1928 558,1928 621,1928 684,1928 746,1927 809,1927 872,1927 934,1926 997,1926 1060,1925 1122,1925 1185,1924 1248,1923 1311,1922"/>
                <TextEquiv>
                    <Unicode>heuerlichkeiten, welche über die portugieſiſche Inquiſition feilgeboten werden, läßt ſich</Unicode>
                </TextEquiv>
            </TextLine>
            <TextLine id="r1l43" custom="readingOrder {index:42;}">
                <Coords points="65,1978 128,1979 191,1980 254,1981 317,1982 380,1982 443,1982 506,1982 569,1982 632,1982 695,1982 758,1982 821,1981 884,1981 947,1980 1010,1980 1073,1979 1136,1979 1199,1978 1262,1978 1325,1977 1325,1946 1262,1947 1199,1947 1136,1948 1073,1948 1010,1949 947,1949 884,1950 821,1950 758,1951 695,1951 632,1951 569,1951 506,1951 443,1951 380,1951 317,1951 254,1950 191,1949 128,1948 65,1947"/>
                <Baseline points="65,1968 128,1969 191,1970 254,1971 317,1972 380,1972 443,1972 506,1972 569,1972 632,1972 695,1972 758,1972 821,1971 884,1971 947,1970 1010,1970 1073,1969 1136,1969 1199,1968 1262,1968 1325,1967"/>
                <TextEquiv>
                    <Unicode>wohl keine beſſere Antwort finden, als diejenige iſt, welche der Erzbiſchof von Goa</Unicode>
                </TextEquiv>
            </TextLine>
            <TextLine id="r1l44" custom="readingOrder {index:43;}">
                <Coords points="61,2022 124,2023 187,2024 250,2024 313,2025 376,2026 439,2026 502,2027 565,2027 628,2027 691,2027 754,2027 817,2027 880,2027 943,2027 1006,2027 1069,2026 1132,2025 1195,2025 1258,2023 1321,2022 1321,1991 1258,1992 1195,1994 1132,1994 1069,1995 1006,1996 943,1996 880,1996 817,1996 754,1996 691,1996 628,1996 565,1996 502,1996 439,1995 376,1995 313,1994 250,1993 187,1993 124,1992 61,1991"/>
                <Baseline points="61,2012 124,2013 187,2014 250,2014 313,2015 376,2016 439,2016 502,2017 565,2017 628,2017 691,2017 754,2017 817,2017 880,2017 943,2017 1006,2017 1069,2016 1132,2015 1195,2015 1258,2013 1321,2012"/>
                <TextEquiv>
                    <Unicode>dem „würdigen“ Gewährsmanne Ritters³, Buchanan, gegeben hat. Dieſer Miſſionär</Unicode>
                </TextEquiv>
            </TextLine>
            <TextLine id="r1l45" custom="readingOrder {index:44;}">
                <Coords points="129,2142 188,2144 248,2145 308,2146 368,2146 428,2147 487,2147 547,2147 607,2147 667,2146 727,2146 786,2146 846,2145 906,2145 966,2144 1026,2144 1085,2143 1145,2143 1205,2143 1265,2143 1325,2144 1325,2114 1265,2113 1205,2113 1145,2113 1085,2113 1026,2114 966,2114 906,2115 846,2115 786,2116 727,2116 667,2116 607,2117 547,2117 487,2117 428,2117 368,2116 308,2116 248,2115 188,2114 129,2112"/>
                <Baseline points="129,2132 188,2134 248,2135 308,2136 368,2136 428,2137 487,2137 547,2137 607,2137 667,2136 727,2136 786,2136 846,2135 906,2135 966,2134 1026,2134 1085,2133 1145,2133 1205,2133 1265,2133 1325,2134"/>
                <TextEquiv>
                    <Unicode>¹ India and the Hindoos p. 337. Bei Marſhall, die chriſtl. Miſſionen I, 579.</Unicode>
                </TextEquiv>
            </TextLine>
            <TextLine id="r1l46" custom="readingOrder {index:45;}">
                <Coords points="133,2178 158,2182 183,2185 209,2188 234,2189 260,2191 285,2192 310,2192 336,2193 361,2193 387,2192 412,2192 438,2192 463,2191 488,2190 514,2190 539,2190 565,2190 590,2190 616,2191 616,2161 590,2160 565,2160 539,2160 514,2160 488,2160 463,2161 438,2162 412,2162 387,2162 361,2163 336,2163 310,2162 285,2162 260,2161 234,2159 209,2158 183,2155 158,2152 133,2148"/>
                <Baseline points="133,2168 158,2172 183,2175 209,2178 234,2179 260,2181 285,2182 310,2182 336,2183 361,2183 387,2182 412,2182 438,2182 463,2181 488,2180 514,2180 539,2180 565,2180 590,2180 616,2181"/>
                <TextEquiv>
                    <Unicode>² Bb. IV, 1, S. 601 ff. 639 ff.</Unicode>
                </TextEquiv>
            </TextLine>
            <TextLine id="line_1616151069390_65" custom="readingOrder {index:46;}">
                <Coords points="136,2189 1263,2201 1321,2202 1321,2233 514,2237 457,2237 341,2236 226,2234 169,2232 137,2233"/>
                <Baseline points="136,2209 146,2211 169,2222 226,2224 284,2225 341,2226 399,2226 457,2227 514,2227 572,2226 629,2226 687,2225 745,2225 802,2224 860,2224 917,2223 975,2222 1033,2222 1090,2222 1148,2222 1205,2222 1263,2222 1321,2223"/>
                <TextEquiv>
                    <Unicode>³ Ritter folgt ſeinem Gewährsmann ſo blindlings, daß er ſogar deſſen „Ent⸗</Unicode>
                </TextEquiv>
            </TextLine>
            <TextLine id="r1l49" custom="readingOrder {index:47;}">
                <Coords points="65,2270 127,2274 189,2277 251,2280 314,2281 376,2282 438,2283 501,2283 563,2283 625,2282 688,2281 750,2280 812,2279 874,2278 937,2277 999,2276 1061,2276 1124,2276 1186,2276 1248,2277 1311,2279 1311,2248 1248,2246 1186,2245 1124,2245 1061,2245 999,2245 937,2246 874,2247 812,2248 750,2249 688,2250 625,2251 563,2252 501,2252 438,2252 376,2251 314,2250 251,2249 189,2246 127,2243 65,2239"/>
                <Baseline points="65,2260 127,2264 189,2267 251,2270 314,2271 376,2272 438,2273 501,2273 563,2273 625,2272 688,2271 750,2270 812,2269 874,2268 937,2267 999,2266 1061,2266 1124,2266 1186,2266 1248,2267 1311,2269"/>
                <TextEquiv>
                    <Unicode>deckung“ der „ſeit ein paar Jahrhunderten für Europäer gänzlich in Vergeſſenheit ge⸗</Unicode>
                </TextEquiv>
            </TextLine>
            <TextEquiv>
                <Unicode>57
gaben in Hindoſtan einer viermal größern Zahl von Anhängern als alle proteſtanti⸗
ſchen Denominationen zuſammen. In Wirklichkeit iſt der Unterſchied noch viel bedeu⸗
tender. Der Verfaſſer zählt 730,000 Römiſche Katholiken in Vorderindien. Nach der
Ausgabe des Madras Directory von 1870 ſind es, mit Ausſchluß der unter Goani⸗
ſcher Jurisdiction ſtehenden, nicht weniger als 924,733. Dazu kommen aber nach
Beilegung des Goaniſchen Schisma’s 130,394, die der hl. Stuhl durch Anerkennung
des Status quo unter der Jurisdiction des Erzbiſchofs von Goa gelaſſen hat, obwohl
ſie in den engliſchen Beſitzungen innerhalb der Apoſtoliſchen Vicariate zerſtreut leben;
und endlich 300,000 Katholiken in der portugieſiſchen Colonie. Demnach wären in
Indien 1,355,127 Katholiken. Proteſtanten zählt aber Hr. Grundemann nur 187,000.
Und auch dieſe Summe hat er nicht durch Zuſammenrechnen ſpecieller Angaben, ſon⸗
dern bloß durch eine Wahrſcheinlichkeitsrechnung en bloe herausgebracht. Hier wird
gleichfalls eine Berichtigung angezeigt ſein. „Die ganze Zahl der in irgend einem
Sinne zum Chriſtenthum Bekehrten“, ſchreibt der proteſtantiſche Miſſionär Ward,
„beträgt nicht ein Zehntel der in den Miſſionsberichten genannten.“ ¹ Wie dem aber
auch ſei, jedenfalls zählt die katholiſche Kirche weit mehr Anhänger, als alle ihr
gegenüberſtehenden Miſſionsvereine, und dem entſprechend hätte der Atlas ihr wohl
etwas mehr einräumen können, als der geringſten dieſer Geſellſchaften. Um gleich
unſern Wunſch zu präciſiren: es will uns bedünken, die katholiſche Miſſion könne gar
nicht gehörig in einem Atlas dargeſtellt werden, ohne daß ihre ebenſo großartige als
feſte Organiſation nach Bisthümern und Apoſtoliſchen Vicariaten in anſchaulicher
Weiſe, etwa durch farbige Grenzen, auf der Karte zum Ausdruck kämen.
Wir gehen nun zu dem den Karten beigegebenen Texte über. Hier hat der Ver⸗
faſſer einſeitigen proteſtantiſchen Miſſionsberichten und wohl auch ſeiner eigenen Her⸗
zensneigung zu viel vertraut. Darum bringt er, gewiß gegen ſeinen Willen, manches
Irrthümliche vor. Daß er den Jeſuiten vorwirft, „durch Einmiſchung in die Colo⸗
nial⸗Regierung u. ſ. w.“ das Miſſionsweſen auf den Philippinen geſchädigt zu haben,
daß er die Portugieſen beſchuldigt, durch Anwendung der Inquiſition und Gewalt⸗
maßregeln dem Chriſtenthum im Indiſchen Archipel „unauslöſchliche Schandmale auf⸗
gebrannt“ und dadurch dem Islam Vorſchub geleiſtet zu haben, darf man wohl einem
Prediger zu gut halten. Jeſuiten und Inquiſition ſind nun einmal Schreckbilder
für Alle, welche die Geſchichte katholiſcher Völker und Inſtitutionen nicht genugſam
kennen. Sogar ein hervorragender Gelehrter, wie Ritter, ſpricht in ſeiner „Erdkunde
von Aſien“² über die „ſchaudervolle Inquiſition“ als Urſache des Verfalles der portu⸗
gieſiſchen Macht, über „die Streiche der Schlauheit und Gewalt“, welche die „teuf⸗
liſche Inquiſition“ gegen die „evangeliſch geſinnten Thomaschriſten verübte, wogegen
er „das Verdienſt“ der Holländer „um die Sorge des chriſtlichen Gottesdienſtes“ in
Indien und die Beendigung der portugieſiſchen Verfolgungen hoch erhebt. Ritter's
claſſiſches Werk gab in dieſem Punkte den Ton an für andere deutſche Schriftſteller,
weßhalb wir ihn hier zugleich berückſichtigen wollen. Wir ſagen alſo: auf die Unge⸗
heuerlichkeiten, welche über die portugieſiſche Inquiſition feilgeboten werden, läßt ſich
wohl keine beſſere Antwort finden, als diejenige iſt, welche der Erzbiſchof von Goa
dem „würdigen“ Gewährsmanne Ritters³, Buchanan, gegeben hat. Dieſer Miſſionär
¹ India and the Hindoos p. 337. Bei Marſhall, die chriſtl. Miſſionen I, 579.
² Bb. IV, 1, S. 601 ff. 639 ff.
³ Ritter folgt ſeinem Gewährsmann ſo blindlings, daß er ſogar deſſen „Ent⸗
deckung“ der „ſeit ein paar Jahrhunderten für Europäer gänzlich in Vergeſſenheit ge⸗</Unicode>
            </TextEquiv>
        </TextRegion>
    </Page>
</PcGts>
