1420 2339
666 22 744 69 219
72 125 1340 166 den Jeſuiten geleiteten höhern Schulen, nach den erbärmlichen Zeiten
86 182 1340 225 des letzten ſpanischen Regimentes, nach einem grauſamen Bürgerkriege,
73 240 1334 280 nach einem halben Jahrhundert von Anarchie und politiſchen Schwan⸗
69 296 1333 339 kungen, bei der Corruption des Klerus und der liberalen Knebelung
75 353 715 395 der Kirche das Volk gekommen war.
159 409 1046 453 Ecuador's¹ Bevölkerung betrug im Jahre 1856:
286 467 952 511 Weiße . . . . . . . . 601,209
284 520 636 567 Chriſtliche Indianer . . . . . . 462,400
290 580 423 621 Neger . . . . . . . . . 7,800
284 638 944 680 Miſchlinge von Negern mit Weißen
392 694 665 738 und Indianern 36,600
288 754 902 795 Wilde Indianer in der Oſtprovinz . 200,000
969 828 1143 873 1,308,000
160 889 1336 932 Die Weißen, Abkömmlinge der Europäer, (Creolen) wohnen mei⸗
80 948 1340 990 ſtens in den Städten, und die dort befindlichen Indianer haben ſich
81 1004 1340 1047 theilweiſe ſo mit ihnen vermiſcht, daß die an den indianiſchen Urſprung
75 1062 1347 1104 erinnernden Kennzeichen zurückgetreten und manche Meſtizen kaum noch
80 1119 1346 1161 von den Creolen zu unterſcheiden ſind. Der Einfluß des tropiſchen
82 1176 1343 1219 Klima’s auf die Europäer iſt groß und zeigt ſich nicht nur an der
81 1233 1345 1277 heißen Küſte, ſondern auch auf dem Hochlande, und nach dem bereits
79 1287 1345 1333 Geſagten hat im letzten Jahrhundert weder Religion noch Bildung und
91 1346 1346 1390 feſte ſtaatliche Ordnung dieſen Einfluß paralyſirt. Beobachtet man dieſes
83 1400 1339 1446 Creolen⸗Geſchlecht in dem von der Natur ſo überaus bevorzugten Lande,
83 1461 1341 1503 in der Mitte der es umgebenden üppigen Fülle, ſo wird man unwill⸗
76 1517 1348 1561 kürlich an den im Ueberfluß verkommenen und verwöhnten Sohn eines
87 1576 1345 1618 fürſtlichen reichen Hauſes erinnert. Durch die angedeuteten Urſachen wird
85 1635 1349 1677 es erklärlich, was die freilich meiſt übertriebenen Reiſeberichte über den
87 1693 1349 1735 Mangel an Ehrgefühl und Aufrichtigkeit im Volkscharakter, über die
79 1752 1347 1792 herrſchende Liederlichkeit und Unmäßigkeit, über den tiefen Stand der
83 1804 1347 1850 Wiſſenſchaft und des Gewerbfleißes, über religiöſe Gleichgültigkeit, über
86 1862 1354 1909 das Schlaraffenleben der Reichen und die Trägheit der Armen zu er⸗
84 1919 1348 1965 zählen wiſſen. Am corrupteſten ist es freilich dort beſtellt, wohin die
81 1976 1341 2024 Europäer zumeiſt kommen, in Guayaquil, zugleich der Heerd der Un⸗
158 2078 1347 2116 ¹ Nach dem Gothaiſchen Taſchenbuche von 1871 haben die zu Ecuador gehörigen
81 2123 1348 2162 Galapagos⸗Inſeln einen Flächeninhalt von 138,8 geogr. □Meilen. Hiernach wäre
83 2168 1348 2207 die ältere, mir von Quito zugeſandte Angabe über dieſe Inſeln, welche im erſten Ar⸗
88 2214 1353 2251 tikel, „Ecuador“ S. 124 enthalten iſt, zu berichtigen. Der Flächeninhalt des ganzen
84 2255 854 2297 Staates iſt nach derſelben Quelle 10,300 □Meilen.
