1419 2340
413 155 1010 190 Inhalt des erſten Bandes.
90 288 697 324 Deutſche Nationalkirche. (Pachtler, S. J.) . . . . . . . 1
87 322 1219 359 Eine „altkatholiſche“ Erklärung mit katholiſcher Überſetzung und erläuternden
194 355 712 395 Anmerkungen (R. Cornely, S. J.) . . . . . . 18
90 390 1224 428 Die Kataſtrophe von Paris als äußerſte Folge des Liberalismus. (Pachtler, S. J.) 31
86 425 1220 467 Das Jubiläum des heiligen Vaters am 16. Juni 1871. (A. Schmitz, S. J.) 44
86 460 879 500 Romanismus und Germanismus. (R. Bauer, S. J.) . . . . 95
89 497 1270 537 Das „Princip“ der Nicht-Intervention. I. II. (Pachtler, S. J.) . 107. 196.
89 530 1270 571 Ecuador. I. II. (G. Schneemann, S. J.) . . . . . 121. 207.
81 570 1209 606 Die Arbeiterfrage und die chriſtlich⸗ethiſchen Socialprincipien. I. II. III.
203 610 1261 642 (Th. Meyer, S. J.) . . . . . . . 131. 292. 498
87 643 752 678 Die römiſch⸗deutſche Frage. (Fl. Rieß, S. J.) . . . . . . 177
94 679 842 713 Zur Geſchichte der Internationale. (Pachtler, S. J.) . . . . . 224
87 715 1222 747 Die Reſolutionen des Münchener Proteſtkatholiken-Congreſſes. Offener Brief
191 750 1193 786 an das Redactions⸗Comité der Verſammlung (R. Cornely. S. J.) . 273
91 784 1072 819 Die geographiſche Ausbreitung der Internationale. (Pachtler, S. J.) . . 304
87 821 1212 854 Über die verbindende Kraft des Gewohnheitsrechtes. Randgloſſen zu einem
194 857 1132 890 modernen kirchenrechtlichen Lehrſatz. (P. v. Hammerſtein, S. J.) . 319
85 893 886 925 Das große abendländiſche Schisma. (R. Bauer, S. J.) . . . . 332
84 927 1208 960 Der Cultusminiſter von Bayern und das Placet. (G. Schneemann, S. J.) 357
89 963 806 996 Was iſt die Utrechter Kirche? (R. Bauer, S. J.) . . . . . 376
81 999 948 1031 Rom und die Anfänge Deutſchlands. I. (Fl. Rieß, S. J.) . . . 394
82 1033 1216 1066 Der Darwinismus und die Sprachwiſſenſchaft. 1. (J. Knabenbauer, S. J.) 405
83 1068 1078 1105 Der Gehorſam in der Geſellſchaft Jeſu. (R. Cornely, S. J.) . . . 453
89 1103 631 1138 Indiſches. I. (Frid. Piscalar, S. J.) . . . . . . . 466
82 1139 1215 1173 Geſchichte der Auflehnung gegen die päpſtliche Auctorität. II. Gregor XII.
193 1176 845 1210 und das Piſaner Concil. (R. Bauer, S. J.) . . . . . 479
85 1212 1228 1244 Iſt die lehramtliche Unfehlbarkeit des Papſtes eine Gefahr für die Staaten?
198 1248 418 1283 (Pachtler, S. J.) . . . . . . . . . . 511
546 1311 886 1342 Kirchliche Actenſtücke.
85 1360 1237 1400 Encyclika des heiligen Vaters vom 15. Mai 1871. (Proteſt gegen das
192 1399 640 1435 piemonteſiſche Garantieengeſetz.) . . . . . . 69
85 1430 1220 1470 Encyclika des heiligen Vaters vom 4. Juni. (Für die Jubiläumsfeier am
202 1467 414 1505 16. Juni 1871.) . . . . . . . . . . 79
84 1501 1224 1541 Hirtenbrief des Herrn Biſchofs von Ermland an die Prieſter und Gläubigen
202 1539 386 1575 ſeiner Diöceſe . . . . . . . . . . . 163
90 1575 1155 1612 Allocution des heiligen Vaters an die Cardinäle vom 27. October 1871 . 419
618 1643 814 1675 Recenſionen.
86 1693 1220 1730 Auffallendes und Unrichtiges bei einem Autor oder ſeinem Recenſenten (W.
196 1726 420 1765 Wilmers, S. J.) . . . . . . . . . . 244
82 1761 1140 1800 Dr. R. Grundemann, allgemeiner Miſſionsatlas. (Schneemann, S. J.) 54. 436
87 1801 1214 1836 Dr. Joseph Langen, das Vaticaniſche Dogma von dem Univerſalepiſcopat
191 1836 1217 1872 und der Unfehlbarkeit des Papſtes in ſeinem Verhältniß zum Neuen
197 1872 1080 1908 Teſtament und der patriſtiſchen Exegeſe. (R. Cornely, S. J.) . . 60
85 1909 1217 1944 R. Baumſtark, der erſte deutſche Reichstag und die Intereſſen der katholiſchen
198 1943 580 1979 Kirche. (Pachtler, S. J.) . . . . . . . . . 67
79 1980 1220 2013 Dr. J. Berchtold, die Unvereinbarkeit der neuen päpſtlichen Glaubensdecrete
193 2015 1114 2048 mit der bayeriſchen Staatsverfaſſung. (v. Hammerſtein, S. J.) . 139
85 2052 1205 2085 Dr. H. Contzen, zur Würdigung des Mittelalters, mit beſonderer Beziehung
195 2088 1216 2120 auf die Staatslehre des hl. Thomas von Aquino. (Th. Meyer, S. J.) 147
84 2124 982 2156 Aeta et decreta SS. et occumenici Concilii Vaticani etc. 149
85 2159 1218 2190 G. Schneemann, die Canones und Beſchlüſſe des hochheiligen ökumeniſchen
191 2193 1080 2228 und allgemeinen Vaticaniſchen Concils. (R. Cornely, S. J.) . . 149
79 2229 1212 2263 Das neue deutſche Reich, vom Verfaſſer der Rundſchauen. (Th. Meyer, S. J.) 253
