1420 2339
709 43 745 75 IV
1291 112 1355 167 Seite
100 163 1244 198 Dr. J. Feßler, das Vaticaniſche Concilium deſſen äußere Bedeutung und
206 184 1348 235 innerer Verlauf. (G. Schneemann, S. J.) . . . . . 261
104 233 1233 269 R. Baumſtark Don Francisco de Quevedo. Ein ſpaniſches Lebensbild aus
211 253 1354 304 dem 17. Jahrhundert. (Pachtler, S. J.) . . . . .  345
99 305 1232 338 Dr. H. Contzen, die ſociale Frage, ihre Geſchichte und ihre Bedeutung in der
213 323 1353 374 Gegenwart. (Th. Meyer, S. J.) . . . . . . . 424
95 375 1229 411 F. J. Holzwarth, der Abfall der Niederlande. Bd. I. und II. 1. Abth.
211 394 1359 446 (Fr. X. Kurte, S. J.) . . . . . . . . . 428
99 447 1226 480 Dr. P. Hinſchius, die Stellung der deutſchen Staatsregierungen gegenüber
208 465 1359 518 den Beſchlüſſen des Vaticaniſchen Concils. (L. v. Hammerſtein, S. J.) 522
333 544 1122 578 Rundschau zur kirchlichen Lage. (A. Schmitz, S. J.)
95 590 1227 627 Juli: Rom: Zuſtände. Deutſchland: Die kirchenfeindliche Preſſe. Bayern:
214 627 1231 661 Die antifirchliche Strömung. Baden: Mildere Verhältniſſe. Öſterreich:
206 663 1233 697 Die Petition der Biſchöfe; das Princip der Nicht⸗Intervention.
220 697 1234 732 Spanien: Agitation der Liberalen gegen die Kirche. Vereinigte Staaten
212 730 1230 768 Nordamerikas: 16. Generalverſammlung des kathol. Central⸗Vereins;
212 765 1367 804 Entchriſtlichung der Jugend . . . . . . . 86—91
106 804 1231 838 Auguſt: Preußen: Dr. Wollmann; Dr. Hanne; Aufhebung der katholiſchen
207 839 1230 874 Abtheilung im Cultusminiſterium. Bayern: Die Janus⸗Gläubigen;
214 874 1236 909 Proteſt Münchener Theologen; Rectorwahl der Univerſität München;
203 911 1234 945 die Meringer Sache. Schweiz: Knechtung der katholiſchen Kirche.
209 947 1232 979 Frankreich: Petitionen der Biſchöfe wegen Unabhängigkeit des römiſchen
212 982 1232 1015 Stuhles. Öſterreich: Petition des Volksvereins in Bozen; Rectorwahl
210 1016 1236 1050 der Wiener Univerſität; aus dem Abgeordnetenhaus; die katholiſche
214 1050 1237 1086 Partei; „die Unita Italia“; Kundgebungen zu Gunſten des heiligen
208 1078 1361 1120 Vaters . . . . . . . . . . . 151— 162
108 1121 1234 1156 September: Die Neuproteſtanten. Militär⸗Kirchenordnung. Religiöſer
214 1158 1232 1191 Charakter der Schulen. Das Placetum in Bayern. Katholiſche Be⸗
209 1195 1229 1227 wegung in Öſterreich. Sieg der Proteſtanten im Aargau. Nachrichten
214 1228 1355 1263 aus Rom . . . . . . . . . .  263 — 271
99 1264 1225 1298 October: Katholiſche Verſammlungen. Congreß der Neuproteſtanten. Wei⸗
229 1297 1359 1333 tere Schritte der Biſchöfe . . . . . .  347 — 352
106 1333 1233 1369 November: Die Interpellation Herz und deren Beantwortung. Verfahren
212 1370 1238 1404 deutſcher Magiſtrate in kirchlichen Angelegenheiten. Katholiſche De⸗
219 1404 1232 1440 monſtrationen. Katholiſche Antwort auf den Darmſtädter Prote⸗
228 1439 1356 1474 ſtantentag . . . . . . . . . 437 — 447
99 1477 1238 1512 December: Die Adreſſe der Biſchöfe Preußens und die Adreſſe des elſäſſi⸗
215 1514 1243 1547 ſchen Geſammt-Klerus. Das neue Strafgeſetz wider die Geiſtlichen.
211 1548 1242 1582 Ruſſiſche Bekehrungsverſuche. Die Miſſion Franchi’s. Die katholiſche
215 1583 1357 1619 Bewegung in Deutſchland . . . . . . . 533–541
662 1650 818 1682 Miscellen.
179 1693 1366 1729 Die päpſtlichen Zuaven S. 92. Fürſorge für katholiſche deutſche Auswanderer in
108 1729 1363 1766 Nordamerika S. 93. Die deutſchen Katholiken in Braſilien S. 94. Berufung von
115 1763 1353 1798 Profeſſoren nach Ecuador S. 94. Einladung zur 21. Generalverſammlung der ka⸗
112 1800 1363 1834 tholiſchen Vereine Deutſchlands S. 172. Aus Rom: Drohungen. Zwei Todesfälle S. 172.
108 1834 1356 1869 Proteſtkatholiſche Stilproben S. 173. „Wo ſoll das hinaus?“ von Cramer S. 272.
111 1870 1362 1905 Döllinger und das Quemadmodum etiam S. 272. Eine wunderbare Gebetserhörung
107 1906 1362 1943 am Jubelfeſte Pius' IX. S. 353. Chronologiſches Curioſum S. 354. Verhältniſſe
116 1942 1361 1978 der Katholiken in Melbourne S. 354. Katholicismus in Südamerika S. 355.
112 1978 1355 2012 Literariſches: Die Verfaſſung der Kirche, von Grundkötter S. 355. Todtenzettel eines
107 2013 1361 2045 Proteſtkatholiken S. 355. Wiesbadener Komödie vom 31. October, S. 447. Zur
109 2046 1354 2082 Beachtung für den Proteſtantenverein S. 449. Die „Alte und Neue Welt“ S. 450.
112 2083 1361 2117 Die Schulfrage in Irland S. 451. Die Internationale S. 452. „Zur liberalen Bil⸗
105 2119 1367 2153 dung S. 542.  „Eine Miniſterantwort im Lichte der Wahrheit“ S. 545. Trau
111 2153 1361 2190 ſchau, wem? S. 545. „Unſere liebe Frau von Lourdes“ S. 546. Der Brand von
106 2188 1366 2226 Chicago und die Internationale S. 547. Dr. Weber und der Gehorſam der Jeſuiten
112 2224 216 2257 S. 548.
