1420 2339
702 68 744 101 30
102 159 694 194 ſchaft an dem Leibe der allgemeinen Kirche,
99 202 690 238 aber frei von dem Joch unberechtigter
100 246 693 282 Herrſchſucht, jedes ſein Kirchenweſen, ent⸗
102 291 694 327 ſprechend ſeiner Eigenart und im Einklange
97 334 689 370 mit ſeiner übrigen Culturmiſſion und ein⸗
98 378 696 416 trächtiger Arbeit von Klerus und Laien
96 422 695 460 geſtaltet und ausbildet²⁰ und die geſammte
102 467 689 505 katholiſche Welt ſich der Führung eines
107 507 689 551 Primats und Epiſkopats erfreut, der durch
99 554 689 592 Wiſſenſchaft und durch die thätige Theil⸗
99 599 691 637 nahme an einem gemeinſamen Leben ſich
104 641 693 682 die Einſicht und die Befähigung erworben
99 686 693 726 hat, um der Kirche die ihrer einzig wür⸗
96 730 691 771 dige Stelle an der Spitze der Weltcultur
105 775 693 816 wieder zu verſchaffen und auf die Dauer
95 821 702 859 zu erhalten. Auf dieſem Wege, und nicht
104 865 693 904 durch die vaticaniſchen Decrete, werden wir
101 910 701 948 zugleich uns dem höchſten Ziele chriſtlicher
104 952 697 992 Entwicklung wieder nähern ²¹, der Ver⸗
106 996 700 1037 einigung der jetzt getrennten chriſtlichen
101 1039 695 1082 Glaubensgenoſſenſchaften, die, von dem
103 1082 699 1128 Stifter der Kirche gewollt und verheißen
103 1129 692 1171 iſt, die mit immer ſteigender Kraft der
106 1172 691 1216 Sehnſucht von unzähligen Frommen, und
93 1218 699 1260 nicht am wenigſten in Deutſchland, begehrt
101 1263 694 1304 und herbeigerufen wird. Das gebe Gott!
273 1351 659 1386 (Folgen 31 Unterſchriften.)
748 160 1353 193 keine Ausſicht auf die erſehnte „höhere
753 205 1344 236 Einheit“, in welche Katholicismus und
755 247 1349 280 Freimaurerthum nebſt Anhängſeln auf⸗
751 292 1345 326 gehen könnte, noch auf die Auflöſung der
751 336 1348 369 katholiſchen Kirche in allgemein chriſtliche
755 380 1350 413 Nationalkirchen, welche unabhängig vom
750 423 1346 458 Papſte, aber abhängig von hoher obrig⸗
751 466 1355 502 keitlicher Bewilligung, ihr Kirchenweſen
751 512 1351 547 geſtalten, ſondern es zeigt ſich uns das
755 558 1357 590 nämliche Bild, das uns die Gegenwart
756 601 1355 634 bietet: eine einzige und einige katholiſche
756 643 1354 681 Kirche, die ſich der Führung eines Pri⸗
756 688 1351 724 mates und Epiſkopates erfreut, welcher
756 733 1355 769 durch wahre Wiſſenſchaft und durch thätige
753 775 1356 814 Theilnahme am katholiſchen Leben be⸗
760 822 1356 859 weiſt, daß er die Einſicht und Befähigung
752 866 1360 904 beſitzt, der Kirche die ihrer einzig würdige
756 909 1354 948 Stelle an der Spitze der chriſtlichen Welt⸗
756 953 1350 991 cultur und des chriſtlichen Fortſchrittes
759 998 1357 1035 unter dem verheißenen göttlichen Beiſtande
756 1041 1360 1080 auf die Dauer zu bewahren und zu er⸗
760 1086 1349 1126 halten. Auf dieſem Wege allein, und nicht
756 1130 1354 1170 durch unſere leeren Phraſen von unmög⸗
757 1174 1349 1215 lichen „höheren reineren Einheiten“, wird
758 1220 1349 1260 die katholiſche Kirche ihr Ziel erreichen,
753 1264 1357 1304 die Rückkehr der getrennten Glaubensge⸗
750 1309 1353 1346 noſſenſchaften herbeiführen, die von allen
755 1354 1356 1389 deutſchen Katholiken heiß erſehnte Einigung
759 1399 1355 1433 ihres ſchönen Vaterlandes im Glauben
756 1442 1354 1478 beſchleunigen, während von uns zur Be⸗
751 1489 1358 1524 trübniß aller Wohlmeinenden nur größere
752 1535 1357 1570 Spaltung und Uneinigkeit in Deutſchland
749 1580 1362 1614 begehrt und herbeigeführt wird. Aendere
753 1625 1109 1660 Gott unſere Geſinnung!
165 1741 1350 1783 ²⁰ Die Stelle iſt nicht ganz klar und wurde theilweiſe nach Conjectur überſetzt.
100 1793 1356 1829 Ob die deutſchen Katholiken getrennt von den deutſchen Proteſtanten u. ſ. w., ein
99 1838 1358 1872 eigenes „Culturvolk katholiſchen Bekenntniſſes“ in der Zukunft bilden werden, oder ob
101 1882 1352 1916 die Deutſchen im Sinne der Altkatholiken nicht zu den Culturvölkern rechnen, oder ob
99 1926 1133 1960 für dieſe keine Regeneration in Ausſicht ſtehe, läßt ſich nicht ermitteln.
171 1968 1359 2006 ²¹ Die Erklärung dieſes dunklen Ausdruckes finden wir in einem Dankſchreiben
99 2015 1352 2049 ν. Döllingers an die juriſtiſche Facultät zu Marburg:  „Wir (altkatholiſche) Deutſche
101 2059 1364 2092 können und wollen der Hoffnung nicht entſagen, . . . . daß die vor 300 Jahren unver⸗
99 2103 1356 2138 meidlich (!!!) gewordene Trennung in einer, wenn auch jetzt noch entfernten Zukunft
103 2148 1348 2183 zu höherer reinerer (!!!) Einheit ſich wieder zusammenſchließe.“ Man beachte
105 2193 1344 2230 den „altkatholiſchen“ Ausdruck: „die ſich zur Einheit zuſammenſchließende Trennung.“
