1420 2340
678 26 761 66 541
87 115 1346 160 und anmaßenden Angriffe des Staates auf die Lehrfreiheit unſerer heiligen
88 162 1336 208 Kirche in überzeugendſter Weiſe zurückgewieſen. Mit apoſtoliſchem Freimuthe
88 210 1340 256 und deutſcher Offenheit haben Euer Excellenz das Gebiet bezeichnet, auf
90 258 1342 303 welchem Chriſtus der Herr den Apoſteln und ihren rechtmäßigen Nachfolgern,
94 306 1284 350 nicht aber einem von gegneriſchen Einflüſſen beherrſchten Cultusminiſter —
89 355 888 397 die Gewalt verliehen hat zu lehren und zu leiten.
160 402 1343 447 Wenn es den gehorſamſt unterzeichneten Mitgliedern des Vereins katho⸗
91 449 1340 494 liſcher Edelleute auch ferne liegt, über die oberhirtlichen Handlungen Euer
95 497 1344 541 Excellenz ſich ein maßgebendes Urtheil beizulegen, ſo empfinden wir doch als
94 546 1340 589 aufrichtige Katholiken eine hohe Freude und danken Gott dem Herrn, daß er
91 594 1340 637 in dieſen Zeiten uns Oberhirten geſetzt hat, welche ſo entſchieden und muthig
91 641 1336 685 in den Kampf für die Rechte und Freiheiten Seiner Kirche und des gläubigen
84 689 356 726 Volkes eintreten.“
170 738 1340 781 In München hielten die Katholiken eine glänzende Verſammlung, zu der
88 785 1342 829 ſich über 2000 Perſonen einfanden, um gegen das Verdrängen der Kloſter⸗
96 835 1336 876 ſchulen zu proteſtiren. Die erſte der einhellig angenommenen Reſolutionen
88 880 304 917 war folgende:
172 929 1342 972 „Der Magiſtrat der Haupt⸗ und Reſidenzſtadt München hat gegen die
86 976 1334 1022 römiſch⸗katholiſche Kirche eine ſolche Stellung genommen, daß er in Allem,
80 1025 1340 1069 was auf katholiſche Religion und Schule Bezug hat, kein Vertrauen von
83 1074 1062 1116 Seiten der katholiſchen Einwohnerſchaft Münchens verdient.“
163 1123 1333 1165 Die Katholiken angreifen heißt der katholiſchen Kirche Triumphe bereiten:
81 1172 1338 1214 das werden ihre verſchworenen Feinde allmählich inne. Je heftiger ſie wüthen,
88 1221 1338 1259 deſto glorreicher erhebt die Kirche ihr Haupt. Seitdem der Papſt ſeiner eige⸗
91 1269 1335 1306 nen Reſidenz beraubt wurde, ſeitdem den Biſchöfen die Erfüllung ihrer ober⸗
82 1316 1336 1354 hirtlichen Pflichten erſchwert wird, ſeitdem die Staatsgefährlichkeit der katho⸗
85 1363 1331 1404 liſchen Kirche von einer gewiſſen Partei als Fundamentalſatz ihres Program⸗
80 1412 1329 1453 mes adoptirt iſt, geht ein mächtiger Pulsſchlag durch alle katholiſchen Herzen,
83 1460 1337 1499 und wer überhaupt noch ein ehrlicher Katholik iſt, tritt in's Glied, um mit⸗
79 1506 1210 1546 zukämpfen wider den Liberalismus und die Macht der Freimaurerei ¹.
156 1570 671 1612 M.⸗Laach, den 4. December 1871.
956 1616 1259 1658 A. Schmitz S. J.
150 1707 172 1748 ¹
448 1716 904 1751 „Jedem Volke ward ein Grund
441 1758 983 1798 Zum Bau des Reiches Gottes kund“,
85 1813 1334 1852 ſo ſang einſt Mar v. Schenkendorf, ein frommer und ein echter Dichter. Er wurde
84 1857 1338 1897 mit dieſen Worten aber auch ein Richter Derer, welche ſich heute für die aus⸗
102 1902 1333 1943 ſchließlichen Baumeiſter des deutſchen Reiches erklären. Von einem Reiche
82 1947 1337 1987 Gottes iſt bei ihnen keine Rede, ſie bauen den „Tempel der Humanität“, auf deſſen
92 1991 1333 2032 Schwelle Nathan der Weiſe ſitzt. Klingt nicht in der That, was ſie reden von der
95 2035 1334 2075 wahren Größe des deutſchen Reiches, ohne dabei Gottes und ſeiner Kirche zu gedenken,
86 2080 1336 2123 ſtolz wie die Rede der Männer von Babel? Es wird auch ſo wirre klingen, wie die
89 2126 1335 2166 Zungen dieſer Männer, nachdem Gott ihre Sprache verwirrt hatte.“ (Schleſ. Volksztg.
80 2177 217 2210 Nr. 282.)
