1420 2339
106 316 662 350 Petrus ſpricht klar und allgemein faßlich
65 361 664 394 zu uns durch ſeine in der Schrift ver⸗
65 405 664 439 zeichneten Thaten und Reden und durch
69 450 659 484 ſeine auch an uns gerichteten Briefe; aber
67 493 664 527 dieſe Thaten, Reden und Briefe des Apo⸗
69 538 659 570 ſtels athmen einen völlig andern Geiſt
68 582 662 615 und enthalten eine andere Lehre als die,
59 627 665 659 welche uns jetzt aufgezwungen werden ſoll.
101 927 667 966 Wohl hat man es verſucht dieſe neuen
61 977 657 1010 Lehren, welche in ihrer nackten Derbheit und
70 1020 664 1053 kaum zu berechnenden Tragweite jedes chriſt⸗
66 1062 658 1098 liche Gefühl verletzen, abzuſchwächen und
63 1108 658 1143 dem Volke den Wahn beizubringen, als
66 1152 659 1186 ob ſie alt und ſtets geglaubt und ganz
68 1196 662 1231 unverfänglich ſeien. Wie früher, ſo hat
67 1241 657 1274 man auch wieder in dem jüngſten Hirten⸗
57 1284 660 1319 briefe ſich Mühe gegeben die Unfehlbarkeit,
58 1329 662 1363 von der die Decrete ſprechen, als ein Vor⸗
63 1374 653 1408 recht, welches dem ganzen aus Papſt und
67 1416 657 1452 Biſchöfen gemeinſchaftlich beſtehenden Lehr⸗
57 1462 657 1496 amte zukomme, erſcheinen zu laſſen. Dieß
67 1505 660 1540 widerſpricht aber dem klaren Wortlaut der
59 1550 662 1584 Decrete: ihm zufolge iſt nur der Papſt,
65 1595 658 1628 und er aus ſich ſelber, unfehlbar; nur er
59 1639 661 1673 empfängt den Beiſtand des hl. Geiſtes und
59 1682 655 1717 iſt in ſeinen Entſcheidungen völlig un⸗
59 1725 654 1763 abhängig von dem Urtheile der Biſchöfe,
57 1770 655 1808 deren Zuſtimmung zu jedem päpſtlichen
55 1814 659 1851 Ausſpruch nun Sache der Pflicht gewor⸗
53 1855 659 1896 den iſt und nicht mehr verweigert werden
55 1899 134 1937 kann.
96 2028 655 2073 Wenn die deutſchen Biſchöfe aber be⸗
55 2071 652 2115 haupten: die „Fülle der Gewalt“, welche
60 2116 653 2160 gemäß den vaticaniſchen Decreten dem
53 2159 651 2204 Papſt zukomme, dürfe nicht als eine un⸗
61 2204 646 2249 beſchränkte oder alles umfaſſende bezeichnet
51 2245 653 2293 werden, weil der Papſt in deren Aus⸗
677 0 723 118 21
728 138 1325 176 nicht entblöden, ſo müſſen wir geſtehen,
724 182 1319 218 daß eine ſolche Verletzung der unſern Ober⸗
723 227 1326 264 hirten ſchuldigen Ehrfurcht und der Wahr⸗
728 270 1323 308 heit wirklich unqualificirbar iſt. Petrus
726 316 1324 353 ſpricht ja klar und allgemein faßlich von
721 359 1320 397 uns in ſeinem zweiten Brief, wo es heißt:
724 403 1317 442 „Es werden ſein falſche Lehrer, welche
723 447 1333 486 Secten des Verderbens einführen werden,
723 493 1327 530 und durch welche der Weg der Wahrheit
726 538 1316 575 als Blasphemie ausgegeben wird, für welche
725 582 1314 619 aber das Gericht ſchon längſt bereit und
727 625 1323 664 deren Verderben ſchon nahe iſt“ (2. Petr.
719 670 1323 708 2, 1—3), aber dieſe Worte und dieſe
727 713 1321 752 Warnung des Apoſtels verachten wir eben⸗
724 756 1321 796 ſo, wie die denſelben Geiſt athmende
725 801 1317 840 Mahnung des hl. Paulus, ſich von der
724 845 1314 883 „fälſchlich ſogen. Wiſſenſchaft (1 Tim.
721 890 1220 925 6, 20) nichts aufzwingen zu laſſen.
760 932 1319 969 Wohl haben wir es verſucht, die vom Con⸗
723 981 1317 1017 cil verkündete Lehre, welche in ihrer klaren
727 1023 1319 1060 Einfachheit und genau begrenzten Trag⸗
719 1066 1321 1105 weite jedem katholiſchen Verstande ein⸗
723 1111 1326 1149 leuchtet, zu entſtellen und dem chriſtlichen
723 1155 1317 1192 Volke den Wahn beizubringen, als ob ſie
723 1200 1315 1235 neu und unerhört und voll der gefähr⸗
723 1243 1323 1279 lichſten Folgerungen ſei. Wie früher an⸗
722 1288 1321 1325 dere Häretiker in Bezug auf andere Dog⸗
719 1333 1317 1370 men, ſo haben auch wir uns in unſern
719 1377 1313 1412 Erklärungen Mühe gegeben, die päpſtliche
715 1420 1318 1457 Unfehlbarkeit, welche die Decrete verkünden,
717 1463 1319 1500 als ein Vorrecht, welches andern Glau⸗
726 1507 1315 1544 benslehren der Kirche Eintrag thue, er⸗
729 1551 1326 1588 ſcheinen zu laſſen. Dieß widerſpricht aber
715 1596 1316 1633 dem klaren Wortlaut des Decretes; ihm
717 1642 1315 1678 zufolge iſt zwar der Papſt unfehlbar, aber
719 1687 1318 1722 nicht durch ſich ſelber, ſondern durch den
723 1731 1311 1766 Beiſtand des heiligen Geiſtes; aber nicht
715 1774 1315 1809 allein, ſondern auch die mit ihm ver⸗
719 1818 1313 1854 einigten und mit ihm entſcheidenden Bi⸗
723 1862 1312 1899 ſchöfe ſind es, obgleich allerdings dieſe,
716 1907 1314 1941 wenn der Papſt schon vorher ex cathedra
712 1950 1313 1985 entſchieden hat, dieſen Entſcheidungen
712 1994 1316 2030 ihre Zuſtimmung nicht verweigern können.
743 2039 1316 2074 Wenn wir aber behaupten, die, „Fülle der
713 2082 1319 2118 Gewalt“, welche gemäß den Vaticaniſchen
714 2128 1310 2163 Decreten dem Papſte zukomme, müſſe als
720 2172 1311 2208 eine unbeſchränkte bezeichnet werden, ob⸗
711 2218 1312 2252 gleich dieſelbe beſchränkt iſt durch die ge⸗
711 2261 1311 2297 offenbarten Wahrheiten und die Verfaſſung
