1420 2339
710 53 756 97 31
186 145 1366 193 So lautet das merkwürdige Actenſtück, welches mehrere der Unter⸗
105 208 1361 251 zeichner nicht geleſen, jedenfalls nicht verſtanden zu haben ſcheinen, da
109 262 1024 307 ſie es wohl ſonſt nicht unterſchrieben haben würden.
883 337 1280 381 Rudolf Cornely S. J.
141 593 1326 639 Die Kataſtrophe von Paris als äußerſte Folge des
572 674 884 720 Liberalismus.
191 772 1363 817 Schauder und Entſetzen durchzuckt unſeren Erdtheil. Ein weiter
109 829 1368 873 Abgrund ſittlicher Verkommenheit gähnt den ſogenannten Culturvölkern
110 885 1368 931 entgegen; aus ihm entſteigen ganze Schaaren von Heroſtraten, die im
112 942 1361 988 Augenblicke, da ſie die Waffen ſenken müſſen, an die monumentalen
105 999 1369 1045 Bauten von Paris Feuer anlegen unter dem Rufe: „Weil ihr eure
101 1055 1369 1101 Paläſte uns nicht gönnet, ſo ſollet auch ihr ſie nicht haben; wir be⸗
113 1114 1369 1159 graben uns unter den Ruinen eures Luxus.“ Und während die Blou⸗
120 1172 1365 1215 ſenmänner in verzweifeltem Kampfe hinter ihren Barrikaden die letzten
103 1228 1370 1272 Augenblicke des Lebens im ſüßen Wahnſinne des Mordes ſchlürfen, eilen
107 1285 1372 1328 Hunderte von Petroleuſen umher, um aus der glänzendſten Stadt der
111 1340 1359 1387 Erde einen Aſchenhaufen zu machen. Nur das raſche Vordringen der
103 1397 1371 1442 Truppen, Verwirrung und Ungeſchicklichkeit der Verbrecher und Ver⸗
103 1453 1370 1498 brecherinnen, da und dort eine todesmuthige Hand, welche die Leitungs⸗
106 1509 1364 1556 drähte im letzten Augenblicke entzweiſchneidet, bringen es fertig, daß der
105 1566 1372 1615 Höllenplan nicht im ganzen Umfange ausgeführt wird. Sind ſolche
107 1625 1371 1672 Thaten nur in Paris möglich? Nein! Triumphirend verkündet es das
113 1683 1372 1727 Centralcomité der Internationale zu London, daß die Föderirten in
107 1739 1363 1785 Europa dritthalb Millionen Mitglieder zählen, daß ſie Alle ſolidariſch
108 1795 1370 1841 für die Brüder in Paris einſtehen, daß die fürchterlichen Maitage da⸗
111 1853 1363 1898 ſelbſt nur erſt ein leiſes Morgenroth der kommenden Dinge ſeien. Wo
107 1910 1360 1955 immer eine Regierung durch unglücklichen Krieg, Hader der Parteien,
111 1967 1364 2012 Theurung oder Stockung der Geſchäfte in große Verlegenheiten gerathen
109 2022 1368 2068 wird, da werden wir ebendieſelben Schauerſcenen ſich wiederholen ſehen.
103 2077 1360 2126 Wir machen furchtbare Fortſchritte zur Barbarei. Die Drachenſaat der
99 2131 1324 2184 liberalen Principien ſchießt in die Halme und bringt blutige Früchte.
195 2192 1366 2240 Vor achtzehnhundert Jahren ſchrieb ein Ultramontaner, die Chriſten
103 2243 1372 2297 nennen ihn St. Paulus, an die Galater (VI, 8): „Wer auf das
