1419 2339
654 11 720 54 477
63 108 1317 144 ihnen den Brudermord Kains an dem gebotenen Bilde klar zu machen. Als ich nun
54 156 1306 187 glaubte, die Sache ſei vollſtändig begriffen, frug ich den Intelligenteſten: „Sage mir,
58 199 1312 232 Kambirri, warum hat der große Bruder ſeinen kleinen Bruder todtgeſchlagen?“
62 242 1312 276 „ikeiko,“ erwiderte er, „uska anghar baraber ne ata, iswaste gussi ota, any
59 288 1308 321 mörjana marra, tshota bai,“ ei warum? ſein Feuer wollte nicht recht brennen,
58 330 1313 364 drum iſt er ſo bös geworden, daß er den Kleinen todtgeſchlagen hat. Von Gott oder
61 375 1314 409 von einem Opfer war noch nichts begriffen, wie konnte es auch anders ſein? Die
63 419 1316 453 armen Kinder hatten früher nie etwas Anderes geſehen, von nichts Anderm gehört,
59 464 1317 498 als vom Jagen, Fiſchfangen, Eſſen und Schlafen. Selbſt die älteſten, von 14—15
59 508 1320 542 Jahren, wußten nichts von einem Gott, nicht einmal ob ihre Eltern in Afrika z. B.
63 552 907 586 das Feuer, die Sonne oder ein Götzenbild verehrt haben.“
146 618 1316 662 So weit P. Frank. Doch wir haben den ſchwarzen Kindern vielleicht
59 677 1316 719 zu viel Raum gegeben. Wir wollen ſchließlich nur noch bemerken, daß
57 733 1316 774 auch für das zeitliche Wohl der im St. Stanislaus Waiſenhaus erzogenen
53 789 1313 831 Kinder, Neger ſowohl als Indier, auf das Beſte geſorgt wird. Die
58 845 1324 888 einen lernen nach dem 12. Jahr ein Handwerk, wofür in neuerer Zeit
54 901 1313 944 beſondere Werkſtätten für Schreiner, Weber, Buchbinder u. ſ. w. einge⸗
52 958 1318 1003 richtet ſind, die unter der direkten Aufſicht eines Paters ſtehen; die
54 1016 1317 1061 andern, die mehr Anlagen zeigen und beſonders im Engliſchen große
53 1074 1319 1118 Geläufigkeit haben, bleiben bis zum 15. Jahre in der Schule. Nach
54 1134 1314 1175 dieſer Zeit ſind ſie reif für Anſtellungen an der Eiſenbahn, als Tele⸗
58 1190 1324 1231 graphiſten, Kaſſierer u. ſ. w. Der Direktor der Central⸗India⸗Eiſenbahn
52 1247 1316 1288 verlangt immer mehr Zöglinge vom Waiſenhaus, als der Superior
53 1302 1316 1345 ihm ſchicken kann, obgleich an Bewerbern für ſolche Stellen durchaus
54 1359 1318 1402 kein Mangel iſt. Man hat an der Eiſenbahn die Erfahrung gemacht,
63 1417 1328 1458 daß man ſich auf dieſe jungen Leute ſicher verlaſſen kann, und gibt
54 1474 1313 1515 ihnen (15jährigen Beamten) einen Gehalt von 30 Rupien (20 Thlr.)
54 1531 219 1573 monatlich.
139 1586 1323 1629 Diejenigen, welche Neigung für den geiſtlichen Stand, Talent und
58 1643 1324 1689 Energie genug zeigen, werden für das biſchöfliche Seminar herangebildet.
52 1701 1317 1745 Letzteres zählt gegenwärtig 15 Alumnen, von denen 11 ehemals Waiſen⸗
52 1757 524 1801 kinder in Bandora waren.
138 1813 1325 1858 5. Töchterſchulen. Wir haben bisher nur von katholiſchen
54 1871 1325 1919 Knabenſchulen und Collegien geſprochen; für Mädchen iſt jedoch nicht
58 1929 1329 1975 weniger geſorgt worden. Die Schweſtern der Congregation von Jeſus
57 1986 1325 2032 und Maria aus Lyon leiten in Parell auf der Inſel Bombay ein
53 2045 1325 2092 großes Penſionat und in der Stadt 3 Elementarſchulen, die von circa
52 2102 1331 2147 250 Schülerinnen, meiſtens Töchtern der Engländer und Portugieſen, be⸗
48 2161 1317 2205 ſucht werden. Der amtliche Schulinſpektor, der in Indien erſucht wird,
50 2219 1326 2264 die Schule zu beſuchen, nie aber ſich aufdrängt, hat dieſen Schweſtern
