1420 2340
482 309 991 355 Kirchliche Actenſtücke.
287 426 1167 471 (Proteſt gegen das piemonteſiſche Garantieengeſetz.)
101 542 704 588 Sanotissimi Domini Nostri Pii
140 601 704 646 divina providentia Papae IX.
146 655 705 705 Epistola Encyclica ad omnes
145 716 693 760 Patriarchas, Primates, Archi-
145 774 699 817 episcopos, Episcopos, aliosque
145 831 706 874 locorum Ordinarios gratiam et
144 887 700 931 Communionem cum Apostolica
131 944 412 987 sede habentes.
245 1022 551 1064 Pius PP. IX.
146 1087 519 1133 Venerabiles Fratres.
137 1147 695 1189 Salutem et Apostolicam Bene-
102 1199 275 1245 dictionem.
128 1284 691 1328 Ubi Nos, arcano Dei consilio sub
91 1334 706 1375 hostilem potestatem redacti, tristem at-
102 1381 690 1425 que acerbam vicem hujus Urbis Nostrae
95 1430 698 1474 et oppressum armorum invasione civilem
99 1479 698 1522 apostolicae Sedis Principatum vidimus,
100 1528 699 1571 jam tum datis ad Vos litteris die prima
105 1576 691 1619 Novembris anno proxime superiori, Vo-
103 1624 683 1667 bis ac per Vos toti orbi catholico de-
99 1675 695 1717 claravimus, qui esset rerum Nostrarum
97 1720 693 1766 et Urbis hujus status, quibus obnoxii
97 1767 689 1816 essemus impiae et effrenis licentiae ex⸗
99 1815 699 1866 cessibus; et ex supremi officii Nostri
103 1866 699 1914 ratione coram Deo et hominibus, salva
103 1914 699 1962 ac integra esse velle jura Apostolicae
101 1961 689 2010 Sedis, testati sumus, Vosque et omnes
98 2008 693 2059 dilectos filios curis vestris creditos
98 2056 689 2107 fideles ad divinam Majestatem fervidis
100 2106 600 2157 precibus placandam excitavimus.
759 551 1359 599 Rundſchreiben unſeres heiligen
789 614 1359 661 Vaters Papſt Pius IX. an alle
804 677 1355 721 Patriarchen, Primaten, Erz-
803 736 1351 781 biſchöfe, Biſchöfe und die an-
799 799 1359 844 deren örtlichen Oberen, welche
801 862 1364 904 in Gnade und Gemeinſchaft mit
791 924 1358 967 dem Apoſtoliſchen Stuhle ſtehen.
888 1025 1215 1069 Pius IX. Papſt.
795 1124 1149 1167 Ehrwürdige Brüder!
793 1194 1357 1239 Gruß und Apoſtoliſchen Segen!
781 1290 1358 1326 Sobald wir durch Gottes unerforſch⸗
755 1338 1357 1377 lichen Rathſchluß unter Feindesgewalt ka⸗
755 1388 1355 1424 men, und das traurige, bittere Loos dieſer
749 1433 1352 1467 Unſerer Hauptſtadt, und die Unterdrückung
755 1477 1352 1511 der weltlichen Macht des Apoſtoliſchen
755 1521 1357 1556 Stuhles vermittelſt bewaffneten Einfalls
759 1565 1353 1600 hatten erleben müſſen, ſo haben wir ſchon
759 1610 1357 1644 damals in einem Schreiben an Euch vom
759 1655 1349 1690 1. November des letztverfloſſenen Jahres
752 1700 1360 1733 Euch und durch Euch der ganzen katho⸗
756 1744 1348 1777 liſchen Welt erklärt, wie es um uns und
755 1788 1345 1822 dieſe Hauptſtadt ſtehe, welchen Ausſchrei⸗
755 1833 1351 1867 tungen einer gottloſen und zügelloſen
755 1879 1355 1912 Frechheit wir bloßgeſtellt ſeien; und nach
752 1924 1356 1956 Maßgabe Unſeres oberſten Amtes bezeug⸗
755 1969 1350 2000 ten Wir vor Gott und den Menſchen,
755 2012 1352 2045 daß Wir die Rechte des Apoſtoliſchen
759 2056 1352 2088 Stuhles gewahrt und unverſehrt wiſſen
753 2099 1348 2132 wollten; Wir forderten ferner Euch und
755 2144 1349 2178 alle geliebten Eurer Sorgfalt anvertrauten
752 2187 1349 2223 Söhne auf, die göttliche Majeſtät durch
756 2232 1232 2265 inbrünſtige Gebete zu verſöhnen.
