1420 2340
708 50 748 81 22
101 140 689 173 übung an die göttliche Lehre, Ordnung
95 184 700 217 und Satzung gebunden ſei, ſo würde man
101 229 694 262 mit dem gleichen Rechte ſagen können,
107 272 700 306 daß eine unumſchränkte despotiſche Ge⸗
103 315 691 350 walt überhaupt, ſelbſt bei den Moham⸗
95 359 691 395 medanern, nicht exiſtire⁵. Denn auch
101 403 697 439 der türkiſche Sultan oder der Schah von
101 447 693 482 Perſien erkennt die Schranke des göttlichen
108 492 696 527 Rechts und die Satzungen des Korans an.
135 580 700 613 Durch die neuen Decrete erhebt der Papſt
107 623 698 658 nicht nur den Anſpruch, das ganze Ge⸗
103 668 700 703 biet der Moral zu beherrſchen: er beſtimmt
104 712 700 748 auch allein und mit unfehlbarer Lehrau⸗
102 758 703 794 torität, was zu dieſem Gebiete gehöre, was
109 805 701 837 göttliches Recht ſei, wie dasſelbe auszu⸗
105 849 693 882 legen und in Einzelfällen anzuwenden ſei.
107 895 700 926 In der Ausübung dieſer Gewalt iſt der
101 936 699 972 Papſt an keine fremde Zuſtimmung ge⸗
104 981 699 1014 bunden, niemand auf Erden verantwort⸗
102 1025 695 1060 lich, niemand darf ihm Einſprache thun;
100 1070 696 1104 jeder, wer er auch ſei, Fürſt oder Tag⸗
112 1112 702 1148 löhner, Biſchof oder Laie iſt im Gewiſſen
103 1156 704 1193 verpflichtet ſich ihm unbedingt zu unter⸗
105 1201 699 1236 werfen und jedes ſeiner Gebote ohne Wider⸗
107 1245 696 1280 rede zu vollziehen. Wenn eine ſolche Ge⸗
105 1289 702 1324 walt nicht als eine unumſchränkte und
107 1334 703 1368 deſpotiſche bezeichnet werden ſoll, ſo hat
110 1380 712 1412 es niemals und nirgends in der Welt eine
105 1424 706 1456 unumſchränkte und deſpotiſche Gewalt ge⸗
104 1470 184 1504 geben.
754 141 1355 173 der Kirche, ſo widerſprechen wir uns ſelbſt,
757 183 1356 217 und wenn wir dieſe Gewalt, weil ſie nicht
761 228 1356 262 durch menſchliche Geſetze oder die „Wiſſen⸗
757 273 1348 307 ſchaftlichkeit“ beſchränkt werden kann, eine
756 316 1345 350 despotiſche nennen, ſo würden wir mit dem
755 359 1350 396 gleichen Rechte die Gewalt Gottes eine des⸗
757 402 1351 438 potiſche nennen. Denn auch Gottes Ge⸗
760 446 1355 483 walt erkennt die Schranke des menſch⸗
758 491 1349 527 lichen Geſetzes und die Satzungen der
759 538 1179 573 „Wissenſchaftlichkeit“ nicht an.
788 581 1356 616 Durch die neuen Decrete erhebt der Papſt
760 625 1353 662 durchaus nicht den Anſpruch, das ganze Ge⸗
755 671 1350 704 biet der Moral zu beherrſchen, in dem Sinne,
760 714 1355 748 daß er das Gute für böſe und das Böſe für
764 759 1355 794 gut erklären oder zu thun vorſchreiben
762 804 1352 836 könnte, was ihm beliebt, ſondern er ent⸗
765 848 1357 881 ſcheidet nur mit Unfehlbarkeit, bald allein,
760 892 1358 924 bald in Gemeinſchaft mit dem Epiſkopat,
761 935 1353 969 was göttliche Offenbarung, was göttliches
761 980 1354 1013 Recht und wie dasſelbe in Einzelfällen
763 1024 1353 1057 anzuwenden ſei. In der Ausübung dieſer
763 1068 1355 1103 genau begrenzten Gewalt iſt der Papſt,
762 1112 1357 1146 weil unter Gottes Beiſtand entſcheidend,
764 1156 1358 1190 nicht an menſchliche Zuſtimmung gebun⸗
760 1202 1362 1236 den, keinem Menſchen verantwortlich; jeder
755 1244 1358 1279 iſt im Gewiſſen verpflichtet, ſeinen Ent⸗
766 1290 1362 1322 ſcheidungen in Sachen des Glaubens und
764 1333 1359 1366 der Moral ſich unbedingt zu unterwerfen⁶.
766 1376 1362 1410 Wenn wir dieſe vom Heiland ſelbſt ge⸗
764 1420 1365 1454 ordnete und vom heiligen Geiſt auf dem
769 1466 1360 1499 Vaticaniſchen Concil als geoffenbart de⸗
179 1581 1361 1617 ⁵ Dieſe Stelle iſt ſehr lehrreich in Bezug auf den altkatholiſchen Sprachgebrauch.
109 1626 1359 1660 Im Altkatholiſchen iſt nämlich, wie wir hier ſehen, unbeſchränkt und beſchränkt identiſch.
119 1669 1365 1705 („Man wird oft verſucht zu wähnen“, ſagt v. Döllinger, über gemiſchte Ehen 4. Aufl.
115 1712 1365 1749 S. 45 „daß mit der Religion auch die Logik ſich geſpalten habe“; wir dürfen vielleicht
118 1756 1362 1792 ſagen, daß den „Altkatholiken“ mit der katholiſchen Religion auch die Logik verloren ge⸗
105 1802 1367 1837 gangen iſt). Ferner iſt im Altkatholiſchen jede nur durch die göttlichen Geſetze begrenzte
114 1844 1361 1882 Gewalt eine despotiſche, während im Sprachgebrauch der andern Menſchen despotiſch
112 1888 1362 1928 nur jene genannt wird, welche ſich über die göttlichen Geſetze ſowohl, als über die menſch⸗
108 1932 1359 1973 lichen hinwegſetzt. Ob man aus dem unmittelbar Folgenden nicht vielleicht ſchließen
108 1975 1361 2017 muß, die Altkatholiken erkännten die Satzungen des Koran als göttliches Geſetz an?
166 2018 1359 2056 ⁶ Schulte (Syſtem 1856. S. 192) ſagte ſchon lange vor dem Vaticanum: „Ge⸗
116 2064 1361 2105 genüber dem Papſte iſt der Einzelne ohne Ausnahme zum Gehorſam verbunden; ge⸗
113 2110 1362 2147 höre er der oberſten oder niedrigſten Stufe des Klerus oder dem Stande der Laien
112 2152 1361 2191 an . . . . Mag man dieß Papalſyſtem nennen oder nicht; jedenfalls iſt es das⸗
115 2199 1370 2235 jenige, welches einzig und allein ſtets gegolten, die Nothwendigkeit, den Geiſt der
108 2245 668 2282 Kirche und ihres Rechtes für ſich hat.“
