2405 2854
1298 172 58 41 28

350 260 942 46 den Menſchen auf Erden, zur Verwaltung und ſakra⸗

356 311 945 46 mentlichen Ausſpendung des reichen Schatzes der von

350 364 946 42 ihm verdienten Gnade zu hinterlaſſen. Was den Apo⸗

350 417 942 41 ſteln vom Herrn übergeben war,  der heilige Geiſt

347 467 948 43 und die göttliche Vollmacht —, das gieng von ihnen

341 519 939 42 auf ihre Nachfolger im Amte, auf die Biſchöffe über

341 569 951 45 durch deren ununterbrochene Aufeinanderfolge es ſich

351 622 941 43 forterbt in der Kirche bis zum Ende der Tage. Der

351 675 939 41 geſammte Epiſcopat mit ſeinem Einheits⸗ und Mittel⸗

344 725 939 42 punkte in dem Stuhle des Apoſtelfürſten Petrus zu Rom

348 776 942 43 bildet einen fortwährenden Apoſtolat in der Kirche,

333 827 957 45 deſſen Auctorität keine geringere, als die Chriſti ſelbſt iſt,

338 876 954 47 weil er das einzig legitime Organ der Wirkſamkeit

336 926 942 48 des Erlöſers und zur Stellvertretung deſſelben eben

345 981 932 44 ſo bevollmächtiget, als mit den erforderlichen beſon⸗

344 1030 937 45 deren Gaben ausgerüſtet iſt *). Von dieſer göttlichen

338 1080 936 47 Vollmacht des Epiſcopates iſt die des übrigen Clerus

339 1133 941 43 nur ein Ausfluß. Wie jener die höchſte Vollmacht

338 1182 934 45 vom Herrn hat, ſo hat dieſer ſeine Amtsbefugniß

326 1233 954 44 von dem Herrn nur in Verbindung mit dem Epiſco⸗

329 1287 942 42 pate und in demüthig gehorſamer Unterordnung unter

332 1338 942 42 denſelben. Vergebens beruft ſich auf klare und deut⸗

338 1389 931 39 liche Zeugniſſe des geſchriebenen Gotteswortes, ver⸗

336 1440 939 39 gebens auf das Zeugniß des heiligen Geiſtes in ſei⸗

327 1491 948 37 nem Herzen, wer in Glauben und der Lehre von

9.999999E6 9.999999E6 -9.999999E6 -9.999999E6 was er von uns fordert, hat Chriſtus ſelbſt uns an⸗

338 1543 942 37 der Kirchenlehre abweicht. Das Wort und der Geiſt

326 1595 945 37 Chriſti wirken und zeugen nach dem Syſteme des

321 1646 948 37 Katholicismus auf die rechte und untrügliche Weiſe

321 1697 951 40 nur durch das legitime Kirchenregiment, welches zur

9.999999E6 9.999999E6 -9.999999E6 -9.999999E6 durch geſetzliche Stellvertreter ausübt.

326 1747 937 39 Fortſetzung des prophetiſchen Amtes Chriſti auf Er⸗

326 1797 936 39 den bevollmächtiget iſt und eben darum auch das gött⸗

330 1848 933 44 liche Recht der authentiſchen Schriftauslegung, so

321 1898 939 42 wie der höchſten und letzten Entſcheidung in allen

326 1949 949 42 Glaubensſtreitigkeiten hat. Jeder verſündigt ſich an

323 2004 937 39 der von Chriſto eingeſetzten Lehrauctorität und alſo an

323 2057 948 37 Chriſto ſelbſt, der ſich mit ſeinem Urtheile dem Urtheile

318 2107 951 38 der Kirche nicht unterwerfen und die heilige Schrift

326 2159 934 39 in einem anderen Sinne, als die Kirche, („contra

318 2209 944 41 cum sensum, quem tenuit et tenet sancta mater

372 2371 893 37 *) Vgl. Möhler — neue Unterſuchungen der Lehrgegen⸗

414 2420 846 36 ſätze zwiſchen den Katholiken und Proteſtanten. S. 470.

1352 269 945 46 ecclesia“) *) auslegen will. Vergebens ergreift

1349 320 952 51 man im Glauben das Verdienſt, die Genugthuung

1355 371 931 48 und das Verſöhnopfer Chriſti, wenn man dabei der

1350 421 936 49 kirchlichen Anſtalten zur Entſündigung und Rechtfer⸗

1346 477 939 45 tigung entbehren zu können glaubt. Chriſtus theilt

1349 528 933 45 die Gnade, welche er den Menſchen verdient und

1340 576 945 48 erworben hat, durch die apera operata von ihm

1334 628 936 44 angeordneter ſakramentlicher Handlungen mit **),

1346 682 943 45 zu deren legitimer Verwaltung er ein neues ſichtba⸗

1347 730 930 48 res und äußerliches Prieſterthum eingeſetzt hat, wel⸗

1340 782 942 52 ches ſein blutiges Opfer auf unblutige Weiſe immer

1350 837 935 48 zu wiederholen und ſo ſein hohenprieſterliches Amt

1346 888 931 50 fortzuſetzen berufen iſt ***). Vergebens wendet man ſich

1346 941 930 46 unmittelbar an den Herrn ſelbſt mit ſeinem Schuld⸗

1343 993 924 45 bekenntniß und mit der gläubigen Bitte um Verge⸗

1331 1043 945 49 bung. Der Herr will auch ſein königliches Amt nicht

1341 1094 939 49 anders, als durch die von ihm Bevollmächtigten und

1328 1145 951 49 Beauftragten ausüben. Vor dieſen, als göttlich be⸗

1341 1196 935 49 ſtellten Richtern, muß man bekennen und ihrem Ur⸗

1331 1248 936 47 theilsſpruche muß man demüthig und gehorſam ſich

1323 1296 945 49 unterwerfen, wenn man bei Buße und Glauben wirk⸗

1328 1347 948 54 liche Vergebung der Sunden finden will †). Unge⸗

1340 1400 922 51 horſam gegen die Kirche kann man nicht durch Ge⸗

1328 1448 933 55 horſam gegen Chriſtum entſchuldigen wollen, denn

1328 1497 939 57 der Kirche zu gehorchen und von ihr zu vernehmen,

1322 1547 945 58 was er von uns fordert, hat Chriſtus ſelbſt uns an⸗

1326 1603 935 53 gewieſen. Chriſtus regiert die Chriſten durch das

1328 1655 933 52 von ihm eingeſetzte Kirchenregiment. Gehorſam gegen

1332 1706 935 52 dieſes iſt Gehorſam gegen Chriſtum ſelbſt, weil dieſer

1323 1756 938 56 ſeine Aemter nicht mehr unmittelbar ſelbſt, ſondern

1322 1811 672 46 durch geſetzliche Stellvertreter ausübt.

1370 1965 396 55 *) Conc. Trid. Sess. IV.

1343 2017 916 69 **) Ebendaſelbſt Sess. VI, cap. 1. und 14. can. 29 und VII.

1334 2078 921 66 ***) Ebendaſelbſt Sess. XXII, cap. 1 und 2. und can. 1

1415 2134 634 51 und 2. Sess. XXIII, cap. 1 und can. 1.

1361 2188 811 56 †) Ebend. Sess. XIV, cap. 2. 6. 7. can. 9. 10. 11.

1652 2251 265 47 (Fortſetzung folgt.)

380 2589 1194 46 Redacteur: Prof. Dr. Harleß. — Verleger: Theod. Blaͤſing. —

1605 2595 563 54 Druck der Hilpert'ſchen Officin.
