2427 2856
143 281 945 40 von dem Kirchendienſte, ſondern von dem Kirchen⸗

135 332 353 37 regimente ausgeübt.

219 381 864 40 Neben dieſem Zuſammentreffen in einzelnen Punk⸗

146 432 943 40 ten macht ſich aber freilich alsbald auch eine große und

147 480 939 44 weſentliche Differenz bemerkbar. Die katholiſche Kirche

140 533 939 43 legt der Ordination den Namen eines Sakramentes

140 582 951 45 bei, die proteſtantiſche ſpricht ihr dieſen Charakter

149 635 933 45 ab und ſieht in ihr nur den mit kirchlicher Benedik⸗

140 684 936 48 tion (Segnung) verbundenen Vollzugsakt der ordent⸗

134 735 948 48 lichen Berufung eines Individuums zum Kirchen⸗

140 789 945 44 dienſt. Die katholiſche Kirche ſchreibt der Ordination

146 838 943 48 die Kraft zu, dem Geiſte deſſen, der ſie empfängt,

134 888 960 47 einen unvertilgbaren und unverlierbaren Charakter

141 942 944 48 (charaeter indelebilis) einzuprägen, ſo, daß der

140 990 955 50 einmal ordinirte Cleriker nie wieder ein Laie werden

137 1040 942 52 kann; die proteſtantiſche Kirche dagegen betrachte

131 1089 960 54 die Eigenſchaft und das Necht, deſſen der Ordinirte

128 1139 957 54 theilhaftig iſt, als etwas, das, wie es nur unter

147 1191 938 53 gewiſſen Bedingungen und Vorausſetzungen ertheilt

141 1241 945 54 wird, ſo auch, wenn ſich hinſichtlich dieſer eine Täu⸗

144 1293 945 53 ſchung herausſtellt, wieder zurückgenommen werden

137 1346 945 52 kann und muß. Die katholiſche Kirche kennt ver⸗

144 1397 945 55 ſchiedene Stufen (ordines) des Kirchenamtes und

147 1448 945 55 ertheilt für jede derſelben eine beſondere Weihe; die

135 1503 944 50 proteſtantiſche aber nimmt jenes Amt als überall

128 1549 951 58 weſentlich gleich an und begnügt ſich mit einer Ordi⸗

138 1602 941 56 nation für alle Stufen deſſelben. Die ſogenannten

132 1655 947 55 niederen Weihen, welche freilich auch bei den Ka⸗

140 1707 942 57 tholiken nur eine Reliquie aus der kirchlichen Ver⸗

138 1760 951 54 gangenheit ſind, fallen bei ihr ganz weg und die

138 1811 945 54 ſogenannten höheren oder heiligen ſind in eine ein⸗

132 1866 950 52 zige zuſammengefaſſet. Ferner betrachtet die katho⸗

128 1912 960 58 liſche Kirche das Amt, für welches die Ordination

144 1964 944 57 ſtattfindet, hauptſächlich aus dem Geſichtspunkte ei⸗

137 2016 949 56 nes geſetzlich mittleriſchen Prieſterthums, während

138 2066 950 58 die, proteſtantiſche Kirche dieſe Betrachtungsweiſe

128 2115 957 60 als unevangeliſch entſchieden verwirft und bei ihrer

129 2168 950 58 Ordination beſonders den Begriff des Predigtamtes

132 2220 944 56 hervorhebt. Während endlich die katholiſche Kirche

143 2273 939 52 die Ordinationsertheilung als ein göttliches Privile⸗

134 2325 945 53 gium der Biſchöffe anſieht, welche ſie als Stellver⸗

143 2376 940 53 treter Chriſti und Nachfolger der Apoſtel, als allge⸗

140 2427 942 53 meine Hierarchen, von deren göttlicher Vollmacht

141 2480 945 52 alles Recht des Kirchendienſtes abfließt, betrachtet,

140 2533 936 46 leugnet die proteſtantiſche Kirche, daß durch ein gött⸗

143 2584 933 43 liches Geſetz (jure divino) ein ſolcher Unterſchied

141 2636 957 45 zwiſchen Bischöffen und Pfarrern beſteht. Sie kennt

1092 112 60 153 25

1143 282 945 38 keine Verfaſſung, welche der Kirche durch ein gött⸗

1145 333 945 38 liches Geſetz vorgeſchrieben wäre, betrachtet die Ord⸗

1155 384 938 40 nung des Kirchenregimentes als etwas der freien

1148 435 937 40 Entwickelung Ueberlaſſenes und verwahrt ſich gegen

1154 486 937 38 jede Verwechſelung und Vermiſchung der Kirchenord⸗

1139 537 480 38 nung mit der Heilsordnung.

1226 588 858 38 Wie verhalten ſich nun dieſe Differenzen zu jener

1152 639 939 38 theilweiſen Uebereinſtimmung, welche wir oben wahr⸗

1139 690 958 40 zunehmen glaubten? Kommt die Verſchiedenheit zu

1139 741 958 38 dem Gemeinſamen nur hinzu und läuft ſie neben demſelben

1143 792 941 38 nur äußerlich her, oder dringt ſie Alles modificirend

1149 843 936 41 und anders beſtimmend in dieſes ſelbſt ein, ſo daß

1151 894 936 40 dem gleich Lautenden auf beiden Seiten ein ganz an⸗

1143 946 944 40 derer Sinn und eine ganz andere Bedeutung zu Theil

1145 999 946 37 wird? Alles genau beſehen werden wir nicht um⸗

1149 1051 941 39 hin können, uns für die letztere Behauptung zu er⸗

1143 1101 938 38 klären. Der äußeren Erſcheinung nach ließe ſich die

1148 1152 936 38 Differenz noch um ein Bedeutendes herabſetzen. Die pro⸗

1142 1203 942 41 teſtantiſche Kirche könnte es ſich in einem gewiſſen Sinne

1146 1257 945 37 und unter gewiſſen Bedingungen gar wohl gefallen laſ⸗

1155 1309 926 36 ſen, der Ordination die Namen des Sakramentes *)

1193 1451 900 46 *) Die Proteſtanten erklären im 7ten Art. der Apologie der

1241 1500 853 40 A. C. ausdrücklich, daß ſie es nicht auf einen Streit

1235 1547 850 41 um den Gebrauch des Wortes Sakrament abgeſehen haben.

1236 1598 852 37 Da dieſes Wort ein unbibliſches iſt und nicht in der

1247 1643 847 37 h. Schrift ſelbſt von gewiſſen heiligen Handlungen im

1242 1690 839 37 Gegenſatze gegen andere gebraucht wird, ſo kommt es

1239 1738 837 36 nur darauf an, welche Bedeutung man ihm geben, wel⸗

1236 1783 852 39 chen weiteren oder engeren Begriff man mit ihm verbin⸗

1242 1828 842 40 den will. Die proteſtantiſche Kirche verſteht unter Sa⸗

1251 1876 846 36 krament eine ſolche heilige Handlung, bei welcher mittelſt

1251 1921 828 36 des gläubigen Empfangs und Gebrauchs eines im neuem

1244 1967 841 34 Teſtamente vom Herrn der Kirche ſelbſt eingeſetzten und

1253 2011 837 36 für alle Chriſten göttlich verordneten äußerlichen oder

1242 2057 842 35 ſichtbaren Zeichens die für Alle beſtimmte und Allen

1238 2102 840 35 gleich nöthige neuteſtamentliche Gnade mitgetheilt wird.

1241 2149 841 34 Was ſie bei ihrem Sakramentsbegriffe urgirt, das iſt

1247 2194 843 36 nicht das Vorhandenſeyn eines ſichtbaren Zeichens und

1241 2241 844 34 einer göttlichen Gnadenverheißung überhaupt, ſondern

1248 2286 840 34 der beſtimmte Nachweis, daß das ſichtbare Zeichen im

1254 2333 837 32 neuen Teſtamente für alle Chriſten aller Zeiten göttlich

1245 2377 837 33 eingeſetzt und daß in Kraft dieſer göttlichen Einſetzung

1239 2423 842 32 und laut der Einſetzungsworte an ſeinen gläubigen Ge⸗

1248 2468 843 32 brauch wirklich die Mittheilung und Verſiegelung nicht

1248 2515 843 34 dieſer oder jener beſonderen, ſondern der allgemeinen

1244 2561 840 32 und eigentlichen neuteſtamentlichen Gnade, der Gnade

1253 2605 822 36 der Rechtfertigung, gebunden iſt. (Vergl. Chemnit

1248 2652 840 34 exam. decret. conc. Trid. II, p. 14.) Wie dieſer pro⸗
