2427 2856
849 547 696 57 Inhaltsverzeichniß.

1088 764 78 54 Seite

207 826 972 52 Vorwort . . . . . . . 1

1223 829 952 56 Das Wort und die Kirche. Zweiter Artikel. . 73

206 885 964 54 Eine Litisconteſtation . . . . . 10

1227 889 951 52 Das Wort und die Kirche. Zweiter Artikel (Schluß) 82

207 945 963 52 Das Wort und die Kirche. Erſter Artikel. . 13

1221 952 806 46 Das Bewußtſeyn der proteſtantiſchen Kirche uͤber

1256 1009 771 49 die Nothwendigkeit und Methodik des klaſſiſchen

206 1006 949 53 Die Streiter der Kirche Chriſti. . . . 20

204 1065 947 56 Das geiſtliche Prieſterthum . . . . 21

1268 1067 922 67 Unterrichtes. Zweiter Artikel . . . 83

1226 1131 808 47 Erklaͤrung einiger evangeliſch⸗lutheriſchen Geiſtlichen

207 1125 818 56 Der Gegenſatz des Proteſtantismus und Katholi⸗

1262 1192 768 49 betreffend die vom Herrn Paſtor Stephan

251 1188 762 57 cismus im Betreff der Lehre von der Ordination

1262 1252 778 51 und ſeinen Anhaͤngern veranlaßten Zerwuͤrfniſſe

249 1250 909 62 und dem Kirchenamte . . . . . 24

1269 1314 915 53 in der Saͤchſiſchen Landeskirche . . . 90

212 1317 798 48 Der Gegenſatz des Proteſtantismus und Katholi⸗

1223 1378 960 52 Die Jeſuitenfurcht . . . . . . 93

248 1377 774 52 cismus im Betreff der Lehre von der Ordination

243 1435 909 58 und dem Kirchenamte (Fortſetzung) . . 80

1227 1440 954 51 Die Jeſuitenfurcht. (Schluß) . . . . 109

219 1500 795 49 Der Gegenſatz des Proteſtantismus und Katholi⸗

1221 1502 810 51 Das Bewußtſeyn der proteſtantiſchen Kirche uͤber

252 1560 761 50 cismus im Betreff der Lehre von der Ordination

1268 1562 766 54 die Nothwendigkeit und Methodik des klaſſiſchen

248 1621 913 55 und dem Kirchenamte (Schluß) . . . 37

1271 1621 903 68 Unterrichtes. Dritter Artikel . . . . 102

210 1683 957 52 Der Ruͤckfall in den Katholicismus . . . 46

1227 1687 812 51 Proteſtaniſche Entgegnung auf einen Angriff in

1256 1744 928 68 den Triariern von Goͤrres . . . . 114

216 1746 942 55 Friede! Friede! und iſt doch nicht Friede . . 50

206 1807 955 56 Der Geiſtlichen Lob . . . . . . 52

1230 1809 813 52 Proteſtantiſche Entgegnung auf einen Angriff in

1259 1868 925 64 den Triariern von Goͤrres. (Schluß) . 118

210 1872 945 51 Zu vorlaͤufiger Beherzigung . . . . 52

1215 1929 812 53 Die Polemik der Muͤnchner hiſtoriſch⸗politiſchen

201 1931 815 55 Ueber die kirchliche Einſegnung der Ehen Geſchie⸗

1250 1988 930 61 Blaͤtter . . . . . . . 125

251 1994 904 60 dener . . . . . . . . 53

1215 2050 957 62 Die allein ſeligmachende Kirche . . . . 132

206 2059 805 48 Das Bewußtſeyn der proteſtantiſchen Kirche uͤber

249 2121 758 47 die Nothwendigkeit und Methodik des klaſſiſchen

255 2181 948 61 Unterrichtes. Erſter Artikel . . . . 66

2099 772 84 49 Seite
