2427 2856
299 252 870 47 Damit der Verfaſſer jedoch einſtweilen wiſſe, daß

230 303 945 50 es Ohren giebt, die ſeine bereits veröffentlichten Be⸗

224 353 939 51 hauptungen, und ſeine künftig erſcheinenden Nachwei⸗

224 404 945 52 ſungen nicht nur zu hören, ſondern auch zu prüfen

236 456 942 50 im Stande ſind — ſo möge er folgende Bemerkungen

227 512 465 45 nicht ungünſtig aufnehmen.

272 557 894 54 Ad 1) Wenn er ſeine Sache rein aus dem prote⸗

341 611 828 46 ſtantiſchen Dogma, wie es geſchrieben ſteht

332 663 843 43 wird beweiſen wollen, ſo kann man ganz ruhig

332 712 838 46 zuſehen. Denn da hat er offenbar Unrecht, und

332 764 846 45 es wird ihm nicht gelingen, aus Weiß Schwarz

327 818 191 46 zu machen.

273 867 903 49 Ad 2) Wenn er die Iogiſchen Conſequenzen

329 915 846 49 zu Hülfe nehmen will, ſo wird es zwar einiges

335 968 840 45 Hin⸗ und Herreden koſten. Es wird aber gehen,

339 1021 845 42 wie Theophraſtus Paracelſus ſagt: „Wenn ein

327 1070 849 44 Nigromant einen Baum ſetzt, ſo haut, der drein

326 1119 856 41 haut, ſich ſelbst.“ — Denn wir müßten wenig

335 1171 850 37 von dieſen Dingen verſtehen, oder es möchten

332 1221 844 41 die logiſchen Conſequenzen, weit bedenklicher

342 1272 834 42 ſeyn, die man aus des Verfaſſers Dogma ziehen

327 1323 849 42 könnte, wenn er anders wirklich eines hat. (Er

339 1374 840 45 verzeihe uns vorderhand dieſen beſcheidenen Zwei⸗

344 1427 841 42 fel, der aus allerley Beobachtungen aufgeſtiegen

339 1480 843 40 iſt, die wir, ſeinem Beiſpiel folgend, bei andrer

339 1530 557 38 Gelegenheit mittheilen werden).

371 1579 804 40 Wir wollen mit unſrer treuherzigen Warnung

339 1631 846 42 noch etwas deutlicher ſeyn. — Warum hat der

335 1680 840 51 größte katholiſche Dogmatiker gelehrt, das Volk

338 1730 834 49 habe das Recht, die an die Obrigkeit übertra⸗

338 1782 844 50 gene Gewalt wieder zurückzunehmen? — Aus

341 1833 837 46 welcher Schrift glaubt, wohl der unbekannte

339 1885 846 43 Verfaſſer folgende Stelle entnommen: „wenn

345 1934 842 46 Könige die Gott und dem Volke Gottes gelobte

333 1991 854 40 Treue brechen, ſo wird umgekehrt dem Volke

341 2042 843 42 nicht nur erlaubt, ſondern ſogar von ihm ge⸗

350 2093 837 46 fordert, daß es auch ſeinerſeits auf den Befehl

333 2142 848 47 des Statthalters Chriſti die einen ſolchen Fürſten

338 2192 853 49 gelobte Treue nicht halte.“ Welche Theologen

342 2246 848 46 waren es, die den Mönch Jacob Element belehrten,

350 2298 831 44 es ſey Recht, einen Tyrannen zu morden, und

342 2348 851 46 ihn ſodann zum Attentat auf ſeinen eigenen

339 2397 845 48 König einſegneten? — War es reine Inconſe⸗

348 2447 839 52 quenz, daß die Sorbonne einſtimmig das Volk

344 2499 843 50 ſeines Eides gegen den König entband; das

345 2549 839 52 der römiſche Legat ſelbſt die Pariſer Bürger⸗

350 2604 849 48 ſchaft in der Empörung beſtärkte? War auch

1185 82 45 153 11

1323 243 858 48 dieß nur ein dogmatiſcher Mißgriff, daß die

1323 294 852 48 oberſte Kirchengewalt ſolches Alles nicht nur

1323 345 840 48 ungerügt geſchehen ließ, ſondern ſogar öffent⸗

1329 395 789 49 lich die Bewegungen des Aufſtandes leitete? —

1325 446 846 48 Und könnten nicht füglich unter die Reihe dog⸗

1331 497 844 49 matiſcher Conſequenzen auch ſolche Aeuſſerungen

1319 548 856 54 geſtellt werden, wie wir ſie kürzlich in dem

1334 599 844 48 Pamphlet eines zwar unwiſſenden aber eifri⸗

1319 648 846 53 gen Katholiken geleſen haben, wovon wir,

1331 702 844 46 mit Verbeſſerung der Schreibfehler, folgende

1326 750 848 47 Stellen wiedergeben wollen: „Wenn wir die

1331 801 843 48 fortwährende Unterdrückungsſucht des Proteſtan⸗

1328 852 837 50 tismus aus dem Standpunkt der Geſchichte be⸗

1332 905 837 46 trachten, wenn wir ſehen, wie die beiſpiellos

1329 957 846 45 mißhandelten Irländer, trotz ihrer politiſchen

1329 1007 842 45 Sclaverey, ihre kirchliche Freiheit behaupteten,

1323 1059 842 41 wie die kleine Vendee gegen das große revolu⸗

1335 1112 846 43 tionäre Frankreich ankämpfte, wie das von

1329 1164 848 42 Holland ſowohl politiſch wie religiös mißhan⸗

1331 1217 841 40 delte Belgien ſich ſeine religiöſe Freiheit und

1335 1266 843 42 mit ihr ein beſſeres politiſches Verhältniß er⸗

1331 1317 844 41 kämpfte, wie die Spanier im Kampf mit dem Aka⸗

1335 1370 845 40 tholicismus ihre Rechte vertheidigen, ſo möchten

1334 1421 844 39 wir behaupten, daß nun die Reihe an die Ka⸗

1332 1472 842 40 tholiken Deutſchlands um ſo mehr gekommen

1337 1523 840 42 ſey, auch ihre religiöſe Freiheit unter Gottes

1341 1574 831 40 Beiſtand zu vertheidigen, da ſie ohnehin durch

1344 1625 837 40 die frühern revolutionären Einwirkungen ſchon

1334 1676 847 40 ſoviel in ihrem politiſchen und finanziellen In⸗

1338 1728 846 41 tereſſe verloren haben.“— „Selbst der wahre,

1335 1778 836 43 dem monarchiſchen Princip treuergebene Ka⸗

1338 1829 842 43 tholik dürfte ſich an manchen Orten in Deutſch⸗

1337 1884 849 40 land hingeriſſen fühlen, gleich ſeinen Brüdern

1341 1935 840 41 in Irland und Belgien eine Zeitlang den De⸗

1341 1985 836 43 magogen ſich anzuſchließen, und zur Zerſtörung

1340 2036 849 43 jener Regierung beizutragen, durch die er nicht

1347 2087 834 43 nur ſich ſelbſt, ſondern auch ſeine Kirche und

1344 2131 819 49 ſeinen Glauben ſo ſehr mißhandelt ſieht.“ —

1349 2186 831 45 Was könnte unſer unbekannter Verfaſſer Ge⸗

1346 2239 841 43 gründetes einzuwenden haben, wenn ein auf⸗

1338 2290 854 40 merkſamer Leſer beſagten Pamphlets Spuren

1344 2340 836 43 einer aus katholiſchen Conſequenzen ſich ent⸗

1350 2390 830 43 wickelnden Revolutionstheorie, in folgender

1353 2441 836 43 Sätzen finden, würde: „Der Revolutionär

1346 2492 834 45 macht einen Aufſtand, um Thron und Altar

1346 2543 837 46 zu ſtürzen; der Empörer erhebt ſich, um beide

1346 2594 843 48 zu erhalten. Die polniſchen und belgiſchen Auf⸗
