2367 2823
258 221 936 52 zwiſchen Gott und Menſchen, ſeinen Tod als den

255 276 942 50 Erwerbungsgrund alles Heils, die Rechtfertigung als

261 326 933 52 reine Gnadenſache und den Glauben als das zurei⸗

252 377 944 52 chende, alleinige Mittel, ſie zu erlangen, angeſehen

258 425 950 54 hatten *); — es war alſo „die große evange⸗

251 478 943 51 liſche Hauptlehre“ umgeſtoßen, die chriſtliche

255 527 942 55 Heilsordnung völlig umgekehrt, und damit auch alles

258 579 945 56 Uebrige in ein ganz falſches Verhältniß geſetzt. Was

261 633 927 51 aber die Hauptſache iſt, dieſe irrthümlichen, der Schrift⸗

255 683 951 54 und Kirchenlehre widerſprechenden Anſichten blieben

261 737 939 49 nicht das Eigenthum einzelner Theologen oder Schu⸗

255 788 942 52 len, ſondern ſie erhielten kirchliche Geltung und Auf⸗

261 839 933 49 torität; ſie wurden kirchliche Irrlehren, wie

264 888 930 51 dies aufs allerdeutlichſte daraus erhellt, daß ſich die

261 938 935 52 römiſche Kirche nachmals auf dem Tridentiniſchen

261 990 936 51 Koncil öffentlich zu ihnen bekannt und ſie allzumal

261 1041 930 54 ſymboliſch feſtgeſtellt hat. — Wenn es nun der evan⸗

251 1090 951 58 geliſchen Kirche ſchon vermöge ihres geſunden hiſtori⸗

269 1141 936 55 ſchen Sinnes rein unmöglich iſt, dergleichen Erfin⸗

255 1190 936 58 dungen als wahrhafte Fortſchritte und organiſche Ent⸗

267 1242 927 57 wicklungen der ältern Kirchenlehre anzuſehen (denn

267 1293 929 57 wie ſollte der Widerſpruch gegen ſie ein Fortſchritt

261 1343 944 60 ſeyn?), wenn ſie vielmehr in dem Allen nur Entſtel⸗

255 1398 954 56 lungen der überkommenen Wahrheit erblicken kann:

261 1446 944 59 ſo iſt ihr noch weniger möglich, diejenigen mittelalter⸗

261 1498 932 59 lichen Lehrbeſtimmungen anzuerkennen oder ſich anzu⸗

264 1549 939 59 eignen, welche bereits von dem römiſchen Stuhl

269 1602 943 60 ſanktionirt worden waren: nämlich die Lehren

266 1656 934 56 der Bilderverehrung, von der Heiligenanbetung, von

263 1709 945 57 der Kelchentziehung (Synode zu Koſtnitz 1415), von

260 1760 939 57 dem Meßopfer (Later. Syn. 1215), vom Ablaß un

261 1812 954 56 vom überflüſſigen Schatz der guten Werke (J. 1349.

267 1861 942 57 Bulle unigenitus), von der unumſchränkten Macht

269 1912 946 58 des Pabſtes über alle geiſtliche und weltliche Gewalt.

267 1966 942 55 Man bedarf in der That keine große Gelehrſamkeit

266 2018 952 57 um einzuſehen, daß die erwähnten Lehren nicht nur

261 2069 951 55 überhaupt dem Geiſte des Chriſtenthums und der alten

273 2120 942 58 Kirche, ſondern auch ihren öffentlichen Bekenntniſſen und

273 2170 932 61 Synoden, zum Theil ſogar denen der römiſchen zuwi⸗

261 2225 948 55 der laufen: daß z. B. die Kelchentziehung die kirch⸗

321 2367 896 53 *) ſ. die Stellen bei Chemnitz. Examen p. 203. — wo

374 2422 693 48 noch viele Zeugniſſe aus andern Vätern ſtehen.

345 2561 917 62 Redacteur: Prof. Dr. Harleß. — Verleger: Theod.

1197 50 45 150 80

1251 209 944 48 liche Praxis von mehr denn tauſend Jahren gegen

1254 262 939 48 ſich hat; daß die Bilderverehrung auf den großen

1257 310 933 49 Kirchenverſammlungen zu Frankfurt und Paris (794

1251 359 941 52 und 825) von der geſammten fränkiſchen Kirche mit

1251 411 945 51 Beiſtimmung der engliſchen verworfen worden iſt;

1254 459 948 54 daß das ganze Ablaßweſen, und alles, was damit

1250 513 939 52 zuſammenhängt, dem ſelbſt von der römiſchen Kirche

1257 561 945 50 recipirten Augustin'ſchen Lehrbegriff geradezu wider⸗

1263 611 926 52 ſtreitet; daß die Beſtimmungen des Koſtnitzer und

1259 663 940 50 Baſeler Koncils über das Verhältniß des Pabſtes zur

1259 716 952 48 Kirche denen der Lateranſynode vom Jahre 1512 in

1259 767 870 49 den weſentlichſten Punkten widerſprechen u. ſ. w.

1335 818 863 52 Noch ganz abgeſehen von dem Widerſpruch mit

1254 872 948 52 der h. Schrift muß alſo die evangeliſche Kirche ſchon

1257 921 948 54 aus hiſtoriſchen Gründen dieſe neuen Dogmen ver⸗

1251 974 950 51 werfen; und es bleibt ihr demnach nichts übrig, als

1259 1022 946 54 mit Uebergehung des Dazwiſchenliegenden bis dahin

1265 1076 931 54 zurückzukehren, wo ſich die kirchliche Lehrentwicklung

1263 1124 938 55 von den Einflüſſen unchriſtlicher Tendenzen rein er⸗

1259 1173 951 58 halten hat. Dies thut ſie denn auch, wie droben

1266 1224 932 56 gezeigt wurde, und damit begeht ſie keinen Abfall

1256 1274 945 57 von der allgemeinen, chriſtlichen Kirche, ſondern ſie

1263 1326 933 56 ſchließt ſich mit ihr zur ſchönen, lebendi⸗

1265 1376 943 58 gen Einheit zuſammen. — Warum wir das

1263 1431 939 46 Alles hier ſagen? Antwort: Weil uns unſere neueſten

1266 1481 933 52 Widerſacher dazu zwingen; weil ſie unſere Kirche lä⸗

1265 1535 939 49 ſtern, weil ſie ihren Urſprung für einen Abfall von

1256 1584 942 50 der Wahrheit und Einheit, ſie ſelber für eine neuauf⸗

1266 1632 944 56 gekommene Sekte ausgeben, weil ſie ſich nicht ſchä⸗

1259 1683 951 52 men, uns in’s Angeſicht zu ſagen, Reformation und

1269 1735 935 52 Revolution ſeyen gleichbedeutende Dinge. Wir haben

1274 1785 940 56 guten, ehrlichen Frieden mit unſern katholiſchen Mit⸗

1263 1838 941 52 brüdern gehalten, — ſie haben ihn gebrochen; ſie haben

1266 1889 942 54 uns in zahlloſen Schmähſchriften angegriffen, verdäch⸗

1263 1940 945 54 tigt und gekränkt. Darum zeigen wir ihnen unſer gu⸗

1269 1989 941 59 tes Recht; und wenn’s denn doch einmal ein Abfall

1275 2040 933 56 ſeyn muß, den unſere Väter vor dreihundert Jahren

1272 2093 935 54 begangen haben ſollen, ſo mögen ſie wenigſtens hören,

1263 2145 555 53 was es für einer geweſen iſt.

1635 2228 212 40 (Schluß folgt.)

1286 2555 868 48 Blaͤſing. —Druck der Hilpert'ſchen Officin.
