2427 2856
837 230 790 422 Zeitschrift

1151 552 159 111 fuͤr

209 647 1993 175 Protestantismus und Kirche.

218 917 317 108 Den 1. Juli

1118 921 214 115 Nr. 1.

2000 923 210 110 1838.

526 1109 372 108 Vorwort.

303 1173 890 101 Indem wir im Namen Gottes an ein neues

213 1256 969 69 Werk die Hände legen und den Zeit⸗ und Glaubens⸗

219 1312 971 64 genoſſen ein Organ gegenſeitiger Beſprechung und

228 1363 954 62 Verſtändigung über eine gemeinſame Angelegenheit

231 1416 947 66 bieten, wird es zuerſt Pflicht ſeyn, über unſere Grund⸗

225 1467 966 61 ſätze und Abſichten Rechenſchaft abzulegen. Bevor

227 1525 957 62 wir aber das Ziel und den Umfang unſeres Beſtrebens

221 1576 967 59 genauer bezeichnen, wird es paſſend ſeyn, zuerſt im

220 1629 967 56 Allgemeinen die Hoffnungen und Wahrnehmungen

221 1681 954 56 auszuſprechen, welche den Gedanken unſeres Unter⸗

215 1723 964 64 nehmens hervorgerufen haben, und daran zugleich

221 1771 967 76 Erörterungen zu knüpfen, welche ſowohl zur Ver⸗

226 1824 954 55 ſtändigung über unſere Stellung zu entgegengeſetzten

211 1872 967 79 Richtungen, als zur Beſeitigung naheliegender Vor⸗

215 1924 777 76 urtheile und Mißdeutungen dienen mögen.

295 1949 889 102 Jede neu entſtehende Zeitſchrift geht aus der

213 2029 966 74 Vorausſetzung hervor, daß unter Mitlebenden eine

210 2083 980 61 geiſtige Regung und Bewegung vorhanden ſey, die

217 2133 955 65 einen Vereinigungspunkt zu freier Aeußerung ſucht.

215 2183 962 62 Ohne die Vorausſetzung eines gemeinſamen Anliegens

203 2229 982 56 iſt ein Unternehmen der Art zum wenigſten unwirkſam

205 2281 975 63 wie das Geſpräch des Einſamen in der Wüſte. Wir

216 2337 967 64 dagegen ſind der feſten Ueberzeugung, daß die Sache,

218 2390 955 74 für die wir hiemit eine Stätte der Verhandlung er⸗

204 2435 982 72 öffnen, vielen Herzen ein Heiligthum ſey, und daß

205 2495 975 54 das Wort, für dieſes Heiligthum geredet, nicht ant⸗

206 2538 977 71 wortlos verklingen, ſondern manchfachen Widerhall

206 2598 974 67 finden werde und finden müſſe. Das Heiligthum aber,

1235 1083 957 97 das wir meinen, iſt unſre, die proteſtantiſche

1221 1162 170 65 Kirche.

1304 1175 881 94 Die Hoffnung eines lebendigen und warmen An⸗

1226 1260 964 76 theils an dieſer Kirche kann dem unbegründet dünken,

1227 1319 959 71 welcher die Strömung des gegenwärtigen Lebens nach

1219 1370 980 66 dem, was auf der breiten Oberfläche ſchwimmt, zu

1225 1413 962 60 beurtheilen ſich gewöhnt hat. Denn da bedecken die

1221 1467 964 78 buntfarbigen Wimpel materieller Intereſſen faſt alle

1223 1519 970 64 die Flüſſe und Ströme, und was dazwiſchen von

1226 1565 962 66 geiſtigerer Art ſich zeigt, das zieht wie der aufge⸗

1224 1625 963 62 regte Schaum ebenfalls dem Kiele nach, der „Gold,

1227 1668 969 81 Silber, Elfenbein, Affen und Pfauen“ aus dem

1222 1725 965 78 fremden Lande bringt. Aber um das zu erkennen,

1215 1773 969 73 was eine Zeit eigentlich bewegt und worin ſie ihr

1224 1824 962 67 wahres Leben hat, genügt es nicht, das zu beachten,

1219 1883 965 59 was auf der Oberfläche ihrer Strömung ſchwimmt.

1220 1929 974 71 Wie aus Quellen der geheimnißvollen Tiefe kommt

1225 1984 955 72 ihr das Leben nur aus dem, was verborgen und un⸗

1225 2032 962 79 ſcheinbar iſt in den Augen der Welt, aus jener himm⸗

1220 2084 960 65 liſchen Kraft des Glaubens und der Liebe, in welcher

1209 2141 975 72 allein die Bewegung einer Zeit den Segen Gottes

1207 2189 973 62 und in ihm jenes Leben beſitzt, welches die Macht

1208 2236 979 61 wider alle unreine Gährung und Fäulniß hat und

1207 2290 982 77 auch dem irdiſchen Weſen Beſtand und wahres Ge⸗

1215 2332 970 86 deihen ſichert. Wie nun auch immer in Anderer

1209 2387 973 81 Augen das Bild der Gegenwart ſich abſpiegle — wir

1211 2448 970 52 glauben nicht blos, wir ſehen bereits etwas von

1219 2497 962 71 dieſem Segen des Herrn, der auf die Herzen deut⸗

1214 2541 894 77 ſcher Nation herniedergekommen iſt, und Viele erweckt

1202 2599 996 81 hat, mit ihrer Liebe ſich wieder dem Himmliſchen und
