2367 2823
246 231 935 56 fehlte es bis jetzt noch, obſchon die Sache ſelbſt von

251 283 933 57 jeher in dem Glauben der Chriſtenheit vorhanden ge⸗

252 331 941 60 weſen war. Den Uebergang dazu hatte bereits der

246 384 941 58 treffliche Anſelmus durch ſeine Theorie von der Ver⸗

255 436 933 58 ſöhnungslehre gemacht; den nächſten und dringendſten

252 486 938 62 Anlaß aber gaben die oben bezeichneten, eingeriſſenen

255 538 936 63 kräftigen Irrthümer. Ihnen gegenüber entwickelte die

258 589 930 64 evangeliſche Kirche aus der Schrift die Lehre von

246 637 948 69 der Rechtfertigung allein *) aus dem Glau⸗

243 691 942 64 ben mit einer Schärfe und Beſtimmtheit, wie es früh⸗

246 742 951 64 erhin noch nicht geſchehen war, und erhob ſie zum

257 792 939 67 Mittelpunkt der ganzen chriſtlichen Heilslehre; denn

249 843 954 65 das iſt die Stelle, die ihr gebührt **). Der Akt, in dem

258 892 941 67 dies geſchah, fällt mit ihrer Entſtehung zuſammen, und

261 943 929 67 darum iſt und bleibt „Rechtfertigung aus Gna⸗

261 994 939 67 den durch den Glauben“ der Fundamentalartikel ihres

264 1045 939 66 Glaubens, die Seele ihres Lebens. Aber eben damit

261 1095 938 70 war ihr zugleich der Schlüſſel zum tiefern Verſtänd⸗

258 1147 938 67 niß des Wortes gegeben und ſo konnte ſie von jenem

261 1200 935 65 Centrum aus bei fortgeſetzter Schriftforſchung auch

258 1249 948 70 die übrigen Lehren des Evangeliums, namentlich die

264 1302 938 65 von der Sünde, von der Heiligung, von guten Werken,

264 1354 942 70 durchdringen und ſelbige ſowohl nach ihrem wahren

264 1404 944 70 Sinn, als nach ihrem Zuſammenhang unter einander

258 1456 948 69 und mit dem Grundprincip klar erkennen und ſich zum

267 1507 948 69 vollen Verständniß bringen. Was ihr auf dieſem

258 1560 956 68 Wege der heilige Geiſt geoffenbart hat, das iſt in

324 1740 890 58 *) Mit dieſem allein hat es dieſelbe Bewandtniß wie mit

371 1789 847 59 jenem altkirchlichen ὁμοούσιος; es ſteht nicht in der

374 1839 843 48 Schrift, iſt aber der ſignifikanteſte Ausdruck für ihre

374 1900 133 37 Meinung.

308 1945 900 55 **) Wie Luther durch die erfahrungsmäßige Erkenntniß die⸗

380 1990 841 60 ſer Lehre zum Reformator geworden iſt, das ſpricht er

374 2039 840 55 ſelbſt in der folgenden Stelle aus: „Hieraus, aus Röm. 1, 17

378 2084 839 53 habe ich dieſelbe Gerechtigkeit Gottes, in welcher der

386 2129 835 56 Gerechte durch Gottes Gnaden und Gaben lebt, verſtehen

375 2178 837 53 lernen. Hie fühlte ich alsbald, daß ich ganz neu

383 2223 840 52 geboren wäre, und nun gleich eine weite of⸗

380 2269 828 54 fene Thür, in das Paradies ſelbſt zu gehen,

378 2313 849 55 gefunden hätte; ſahe mir auch die liebe hei⸗

386 2360 828 52 lige Schrift nunmals viel anders an, denn zu⸗

375 2405 855 53 vor geſchehen war, lief derhalben durch die ganze Bibel

389 2453 829 50 und ſammelte auch in andern Worten nach dieſer Regel

383 2498 847 53 alle ihre Auslegung zuſammen, alſo daß Gottes Werk

387 2543 846 54 dieſes heiße, das Gott in uns ſelbſt wirket und alſo die

381 2589 789 58 andern, Gottes Heil, Gottes Herrlichkeit u. dgl.“ —

1197 55 54 153 82

1253 213 934 53 unſern ſymboliſchen Büchern niedergelegt, die ſich er⸗

1250 266 939 51 gänzend und erweiternd an die Bekenntniſſe der alten

1245 323 317 43 Kirche anſchließen.

1332 365 866 51 Allein, auch damit hat ſie ſich einer noch weitern

1245 417 948 51 Entwicklung keineswegs abgeſchlossen. Im Gegentheil,

1250 467 946 51 daſſelbe Princip, dem ſie ihre Wiedererneuerung ver⸗

1254 521 947 51 dankt, treibt ſie unabläßig vorwärts. Die heilige

1259 570 940 53 Schrift, dieſe lautere Quelle der Wahrheit, iſt ja

1245 621 945 54 noch lange nicht ausgeſchöpft, kann niemals ausge⸗¬

1259 671 933 55 ſchöpft werden; denn ſie iſt ein ewig friſcher Born

1244 725 958 54 des Lichtes und des Lebens, ein unergründliches Meer,

1257 776 933 55 das alle Schätze der Weisheit und Erkenntniß in ſich

1257 827 936 55 beſchließt. Die Kirche hat aus dieſem Strom des

1251 878 954 57 Lebens getrunken, — wie ſollte ſie nun davon ſo ſatt

1262 931 933 54 geworden ſeyn, daß ſie nicht das Bedürfniß empfände,

1254 979 945 55 immer reichlicher aus ſeiner Fülle zu ſchöpfen? Sie hat

1254 1029 942 59 an ſeinen Ufern ihren Tempel aufgebaut, — wie ſollte

1269 1080 933 60 ſie ſich nun mit dem Gewonnenen zufrieden geben und

1257 1133 942 58 ihren Lehrbegriff für ein abgeſchloſſenes Syſtem er⸗

1254 1181 948 60 klären, das keiner weitern Ausbildung fähig wäre?

1257 1233 939 60 Nein; ſie hält es gerade für ihre heiligſte Pflicht, für

1262 1283 939 60 ihre ſchönſte Aufgabe, mit dem anvertrauten Pfunde

1260 1337 941 60 zu wuchern, und die Schrift nicht nur zu bewahren,

1269 1388 938 60 ſondern mit treuem Fleiße ſtets gründlicher zu erfor⸗

1262 1440 951 59 ſchen und tiefer zu durchdringen. In dem Maaße aber,

1268 1494 940 56 als ihr dies gelingt, muß ſich auch ihre Einſicht in

1275 1544 932 60 die Wahrheit erweitern und ihr Lehrbegriff nach allen

1263 1592 953 63 Seiten hin vollſtändiger und reicher entfalten. — Weit

1260 1641 947 66 entfernt alſo, auf der begonnenen Bahn ſtill zu ſtehen

1263 1694 950 64 und im Stillſtand zu erſtarren, hat ſie vielmehr am

1269 1745 938 61 Worte das Princip des Lebens, der Bewegung, des

1262 1796 943 64 Fortſchritts; freilich keines ſolchen, der alles Vorhan⸗

1275 1848 938 60 dene ignorirte und ſich die überflüſſige Mühe nähme,

1266 1899 942 62 immer erſt den Grund von neuem legen oder die Gül⸗

1269 1952 951 63 tigkeit des Beſtehenden ausmitteln zu wollen, ſondern

1272 2003 941 61 eines organiſchen Fortſchritts „der den ganzen

1272 2052 948 63 Reichthum des bereits Gewonnenen in ſich

1275 2100 948 65 trägt,“ eines Fortſchritts in der Wahrheit, eines

1278 2150 942 64 fortgeſetzten Wachsthums an Chriſto, dem Haupte. —

1278 2205 935 61 Dieſem Ziel ſtrebt der Proteſtantismus entgegen, weß⸗

1278 2257 945 57 halb ihm auch die Pflege der Wiſſenſchaften, insbe⸗

1290 2310 936 57 ſondere die Sprach⸗ und Geſchichtsforſchung, ſo ſehr

1280 2361 946 56 am Herzen liegt. Denn die Sprachen ſind das Mittel

1281 2411 944 58 zum Verständniß der Schrift und die Hiſtorie zeigt

1274 2460 955 59 den Entwicklungsgang des Reiches Gottes in Lehre

1280 2514 946 56 und Leben durch alle Zeiten; die Dialektik aber, als

1274 2565 955 59 die Zucht des Denkens, dient ihm, die manchfaltigen
