1373 2457
528 75 845 116 Knapp Chriſtoterpe.
1223 94 1273 132 69
94 141 1278 203 zu vernehmen, erklärt, ſucht er zwiſchen ſtrengen Supernaturaliſten und
96 191 1269 252 Rationaliſten zu vermitteln, allein auf nur ſehr vage und eben daher un⸗
93 241 1269 301 fruchtbare Weiſe. Ein ſolches Thema iſt für wenige Seiten zu groß, und
95 289 1276 350 bei allen geiſtreichen Bemerkungen im Einzelnen hat Heinroth theils zu
93 337 1271 402 viel, theils zu wenig gegeben, und wird weder Gelehrte, noch Laien be⸗
93 385 226 430 friedigen.
170 444 1272 502 „Die Geſchichte Joſephs” hat Paſtor Kern ſehr ſchön mit ſeinen pſy⸗
95 486 1271 552 chologiſchen und aſcetiſchen Bemerkungen erzaͤhlt, und namentlich auf ihren
91 535 1237 601 inneren, Joſeph und die Seinigen bildenden Zuſammenhang hingewieſen.
169 588 1271 650 Der „Rathſchluß Gottes zum Heile der Menſchen” wird in Erwäh⸗
83 631 1261 701 lung, Berufung, Gerechtſprechung und Verherrlichung zuſammengefaßt, und
84 679 1269 750 iſt eine recht praktiſche Paraphraſe von Röm. 8, 29 ff., bei welcher der
84 729 1163 796 Zweck der Erbauung durchaus auf glückliche Weiſe feſtgehalten wird.
160 785 1267 846 „Ueber das Zagen des Heilandes vor und in ſeinem Leiden auf Geth⸗
83 827 1267 896 ſemane und Golgatha” hat Dr. Olshauſen in bekannter ſinnreicher Weiſe
91 876 1261 945 ſich ausgeſprochen, und namentlich darzuthun verſucht, daß das Schwanken
87 925 1263 995 im Innern Jeſu nicht als etwas von der Schwäche des Willens Jeſu
79 976 1265 1043 Ausgehendes, ſondern als etwas über ihn Verhängtes betrachtet werden
83 1022 1263 1089 müſſe. — Die finniſch⸗lappiſche Miſſion bis 1726 und das Leben des er⸗
80 1070 1257 1138 ſten Apoſtels der norwegiſchen Finnen, Thomas von Veſten, von Dr. Ru⸗
84 1118 1253 1187 delbach, iſt ein ſchätzbarer Beitrag zur Geſchichte der Ausbreitung des
77 1166 598 1221 Evangeliums in jenen Gegenden.
155 1228 1255 1298 Am unbedeutendſten unter den proſaiſchen Beiträgen ſind die „Anſich⸗
80 1271 1255 1348 ten vom Vorhof des Heiligthums, v. R.”; das Neue in ihnen iſt nicht
84 1317 520 1376 wahr, das Wahre nicht neu.
156 1373 1251 1456 Unter den poetiſchen Beiträgen iſt bei weitem das Ausgezeichnetſte
78 1413 1249 1505 das 23 Seiten umfaſſende Gedicht des Herausgebers auf Göthe’s Hingang.
82 1463 1250 1550 Der Verfaſſer klagt, daß Göthe bei ſeinem ſeltenen Talent kein chriſt⸗
70 1511 1247 1599 licher Dichter geworden, und obwohl er dabei die Rückſicht vergißt, Göthe
80 1562 1247 1647 aus ſeiner Zeit zu begreifen, und den Beweis ſchuldig bleibt, daß es nur
76 1610 1246 1697 eine religiöſe Poeſie geben könne, ſo werden doch ſelbſt Göthe’s größte
82 1659 1244 1747 Verehrer einen Gegner ihres Meiſters achten, der eben ſo anerkennend als
72 1711 502 1775 poetiſch von demſelben ſagt:
320 1809 980 1868 Ja, wenn ſonſt Einer auf der Erde Höhen,
314 1852 936 1911 So weit des Menſchen Genius ſich hebt,
320 1896 953 1956 Sich durft’ in heit’rer Feuerkraft ergehen,
314 1941 952 1999 Von aller Schönheit Feenſchmuck umwebt,
316 1984 893 2040 Wenn Einem in azurner Lüfte Wehen
315 2029 919 2086 Der Muſe Reiz urbildlich vorgeſchwebt:
311 2071 925 2130 An Deinem Sarge ſteht es hell zu leſen
315 2115 969 2178 Mit Roſenſchimmer: Das biſt Du geweſen.
68 2169 966 2255 obſchon er dann wieder in ganz anderem Tone hinzuſetzt:
