1352 2454
606 52 802 94 Zeitſchriften.
112 66 174 104 62
203 135 1299 175 Unmittelbar an dieſen Hirtenbrief ſchließen ſich der Zeit und dem In⸗
118 187 352 228 halte nach an:
151 236 1292 277 1) Erſte Predigt am zweiten Sonntage nach Trin. über Joh. 21, 15—17,
202 283 1298 318 vor der Domgemeinde zu Magdeburg und in Gegenwart Seiner Majeſtät
209 328 1287 362 des Königs gehalten von Dr. Johann Heinrich Bernhard Dräſeke,
211 372 1290 405 Biſchof der evangel. Kirche, Generalſuperintendenten der Provinz Sach⸗
211 418 1292 450 ſen und Director des Königl. Conſiſtorii zu Magdeburg. Magdeburg,
211 462 647 496 bei Heinrichshofen, 1832. 8.
155 507 1290 550 2) Zwei Nachträge zur Antrittspredigt von Ebendemſelben. Ebendaſelbst.
203 566 1297 603 Auf ähnliche Weiſe, wie gegen ſeine Amtsgenoſſen im Hirtenbriefe,
119 614 1296 656 ſpricht ſich in Nr. 1. Dräſeke gegen ſeine neue Gemeinde in der erſten
119 664 1298 704 Predigt aus, die nach Joh. 21, 15—27 im erſten Theile die Frage Jeſu
119 711 1290 754 an Petrus, im zweiten die Antwort deſſelben an den Herrn, und im drit⸗
119 760 1295 802 ten den Auftrag des Herrn an ihn entwickelt und auf den Gegenſtand des
119 808 1301 851 Tages mit eben ſo viel Geiſt als Herzlichkeit anwendet, auch die Anwe⸗
115 857 1297 901 ſenheit des Königs und der Königlichen Familie dabei zugleich freimüthig
117 906 1296 948 und ehrerbietig in Erinnerung bringt. Die Predigt, ein ächtes homiletiſches
123 954 1296 999 Kunſtwerk, iſt ſo aus Einem Guſſe, daß ſie nicht wohl einen eigentlichen
124 1005 1295 1048 Auszug zuläßt. Nur folgende, eben ſo redneriſche als wahre Stelle ſtehe
124 1056 1292 1097 hier als Zeugniß des Ganzen: „Es giebt ſolche, die ihn (den Ruf Jeſu)
119 1103 1296 1146 überhören. Das ſind die Menſchen, die Großes vorhaben, aber nicht be⸗
115 1152 1303 1196 denken, wie nur bei dem Kleinen das Große anfange. Das ſind die Men⸗
123 1200 1302 1247 ſchen, die Alles tadeln und Nichts billigen; — kein Regent und keine Re⸗
115 1250 1302 1296 gierung, keine Staatsverfaſſung, keine Ständeverſammlung, kein Landesge⸗
119 1298 1303 1343 ſetz, keine Städteordnung, keine Kirchenagende iſt ihnen gut genug; —
123 1348 1295 1391 aber nicht bedenken, wie das Gute nur da gedeihe, wo der Gute einkehrt,
123 1400 1304 1439 wo Gott wohnt, wo Chriſtus ſich geſtaltet, wo auf die Hauptfrage: „haſt
115 1447 1246 1490 du mich lieb?” recht zu antworten für den Grund aller Weisheit gilt.
207 1497 1302 1537 Nr. 2. führt den Titel: „Zwei Nachträge”, weil ſie zwei Predigten
127 1545 1300 1588 des Verfaſſers enthält, die nach jener erſten gehalten wurden und theil⸗
123 1595 1298 1638 weiſe als Commentar und weitere Entwickelung der erſten gelten können, ſo
129 1643 1298 1686 daß in allen dreien zuſammen gleichſam ein Glaubensbekenntniß des neuen
123 1692 1300 1737 Hirten nach ſeinen weſentlichen Stücken enthalten iſt, wie dies ſchon die
117 1741 1300 1787 Wahl auch dieſer beiden Terte, nämlich Matth. 22, 41—46. und Röm.
131 1791 1296 1840 1, 16. beweiſt, welche von Chriſto als dem Sohne Gottes und vom Evan⸗
119 1842 1211 1892 gelium als einer Kraft Gottes zu reden willkommenen Anlaß geben.
575 1932 865 1971 Zeitschriften.
167 1979 1310 2025 Zeitſchrift für wiſſenſchaftliche Theologie. Herausgegeben von
200 2023 1308 2068 Dr. G. B. Winer, Königl. Baierſchem Kirchenrath und ord. Prof. der
195 2067 1302 2113 Theol. an der Univerſität Erlangen (jetzt Königl. Sächſiſchem Kirchen⸗
198 2112 1304 2159 rath und ord. Prof. an der Univerſität Leipzig). Band 1, Heft 1, 1826;
196 2160 1298 2204 Heft 2, 1827; Heft 3, 1829; Band 2, Heft 1, 1832; Sulzbach, Sei⸗
195 2214 499 2249 del. gr. 8. 2⅔ rtl.
