1351 2454
492 45 870 84 Neander Kirchengeſchichte.
98 62 158 98 58
102 123 1272 171 wo es heißt: Gott achte Einige σωτηρίας ἀξίους, εἰρηνικοὺς μὲν τὸ
98 175 1270 222 ἦθος, ὁμοφροσύνην δὲ καὶ κοινωνίαν ἀσπαζομένους, οἷς φθόνος
98 224 1270 275 ἢ συνόλως οὐ συνῴκησεν ἢ τάχιστα μετανέστη, τὰ ἴδια προφέ-
100 278 1272 330 ρειν εἰς μέσον ἀγαθὰ διεγνωκόσιν εἰς κοινὴν μετου-
103 334 1265 380 σίαν καὶ ἀπόλαυσιν. — Die äußeren Schickſale der Gemeinde,
97 380 1274 427 der Tod des Stephanus und deſſen Folgen, werden nun anſchaulich und
101 429 1276 479 gründlich geſchildert. In der Auffaſſung des Stephanus, als Vorgängers
107 478 1279 526 Pauli in der relativen Entgegenſetzung des Evang. gegen das Geſetz, ſomit
105 527 1270 574 als Repräſentanten der erſten Entwicklung einer neuen Secte des Chriſten⸗
98 576 1276 625 thums, welche aber im Keime untergehen mußte, um kräftiger zu erſtehen
101 626 1274 672 und um die äußern Verhältniſſe ſo umzugeſtalten, daß auch die übrigen Ver⸗
101 674 1273 722 kündiger auf naturgemäßem Wege dazu gebildet werden konnten (Verbrei⸗
102 726 1269 771 tung des Christenthums unter den Heiden aus Veranlaſſung der Zerſtreuung
100 774 1269 821 nach Stephani Tod), hierin folgt N. hauptſächlich dem trefflichen Programm
96 823 1270 869 Baurs, in Tübingen, 1829, welches eigentlich zuerſt das Verſtändniß des
103 872 1269 918 oft (neueſtens auch noch von Hebel in ſeinen ſonſt ſchätzbaren bibliſchen
102 922 1267 967 Aufſätzen) gemißhandelten Schwanengeſangs des erſten Blutzeugen eröffnete.
105 970 1270 1016 Mit Recht ſieht N. in dieſer Verfolgung die Grenze eines neuen Abſchnitts
107 1021 1087 1066 für die ertenſive und intenſive Entwicklung des Chriſtenthums.
178 1067 1280 1116 Den Uebergang zur Verbreitung des Chriſtenthums unter den Heiden
106 1120 1276 1165 bildet die Predigt zu Samaria und die Bekehrung des Cornelius. Zu
105 1166 1276 1214 Samarien Empfänglichkeit für poetiſche Wirkſamkeit, daher auch die Pre⸗
97 1214 1279 1262 digt des Philippus nur wegen ihrer großen ſinnlichen Beglaubigung durch
101 1263 1278 1311 Wunder Glauben fand, ohne den h. Geiſt, d. h. ohne das Bewußtſeyn
105 1313 1276 1361 einer von der Perſon des Wunderthäters unabhängigen ſelbſtſtändigen Le⸗
106 1360 1282 1412 bensgemeinſchaft mit Chriſtus. Aus Veranlaſſung der Geſchichte mit Cor⸗
110 1409 1275 1462 nelius erhalten die Apoſtel theils durch Offenbarung, theils durch äußere
111 1459 1279 1511 Umſtände, nehmlich die erfahrungsmäßige Wirkſamkeit der Predigt unter
108 1510 1276 1560 den Heiden zur Erweckung frommer Begeiſterung, klarere Einſicht in die
110 1559 1276 1610 Unabhängigkeit des Chriſtenthums von dem Judenthum. — Der dritte Ab⸗
115 1610 1281 1660 ſchnitt beginnt mit der Bildungs⸗ und Berufungsgeſchichte des Paulus;
105 1659 1273 1709 bei letzterer wird die rein pſychologiſche Erklärung unbefangen gewürdigt,
109 1706 1286 1759 und ihr Ungenügendes bündig dargelegt. Sehr lichtvoll für die Chronolo⸗
105 1757 1288 1808 gie iſt die genauere Erklärung der ήμέραι ἱκαναὶ Act. 9, 23, welche
113 1806 1284 1855 nicht nur die ἡμέραι τινὲς v. 19, ſondern auch den ganzen folgenden
113 1856 1287 1902 Aufenthalt Pauli zu Damascus nach ſeiner arabiſchen Reiſe in ſich befaſſen.
109 1904 1282 1954 Die Schraderſche Deutung der letzteren (= ſtille Vorbereitung in der Wüſte
115 1955 1282 2004 Arabiens) findet ihre genügende Berichtigung. Nachdem die Geſchichte
108 2004 1288 2053 des P. bis auf die ihm zu Jeruſalem gewordene Ueberzeugung, daß er
112 2051 1290 2103 für die Predigt unter den Heiden beſtimmt ſey, fortgeführt iſt, wird der
115 2105 1286 2152 Uebergang auf Antiochien, die Mutterkirche heidniſcher Gemeinden, gemacht,
109 2152 1286 2201 und wird ihr Verhältniß zur jüdiſchen Mutterkirche dargethan. Unterſuchung
106 2202 1286 2254 der Frage, ob die Reiſe des Barnabas und Paulus nach Jeruſalem die
