1360 2454
628 82 815 122 Zeitſchriften.
120 87 214 128 238
352 162 950 201 Hebt die Herzen ſanft zu Gott hinauf;
350 206 997 246 und es ſchweben rings, gleich Opferdüften,
343 253 850 287 Des Gebetes Geiſter ſtill empor;
350 297 1092 340 Flehn und Wunſch vermiſcht ſich mit den Lüften,
348 343 890 380 Und erſtarkt zum vollen Geiſterchor.
128 396 1315 441 Hingegen iſt wohl die Bedeutung des Todes Jeſu für den Chriſten nicht
131 446 1103 489 ſehr tief aufgefaßt, wenn der Verf. uns hierüber nur zuruft:
345 505 923 540 Fühlt ihr Alle, die ein Weib geboren,
348 550 968 589 Fühlt: die Lieb’ iſt ſtärker als der Tod;
352 594 831 630 Gebet nie das Heilige verloren,
348 640 1006 675 Seht, aus Nacht ſteigt mildes Morgenroth!
341 685 1018 722 Mag das Herz im Kampf der Liebe brechen,
339 729 1022 767 Erſt das Grab reicht ihm des Lohnes Preis,
345 774 993 810 und es wird ein heil’ger Richter ſprechen:
347 820 980 854 „Windet ihm des Ruhmes Lorbeerreis!”
120 872 1011 914 Druck und Papier dieſes Andachtsbuchs ſind vorzüglich.
570 1016 872 1057 Zeitschriften.
167 1075 1303 1112 Euphron. Eine Zeitſchrift für Religion und Kirchenthum. Herausgege⸗
203 1120 1299 1156 ben von Dr. G. Herold und K. J. Tiebe, Paſtoren zu Langenſtein
195 1165 1303 1203 und Heudeber. Jahrgang 1833. Heft 1. Quedlinburg bei Becker.
203 1209 281 1242 kl. 8.
208 1263 1303 1304 Der εὐφρων erſcheint ſeit 1825; zuerſt von drei Redactoren (Herold,
127 1311 1300 1352 Schmidt, Tiebe) bis 1830; in bald 2, bald 4 jährlichen Heften; frü⸗
122 1360 1300 1403 her in Halberſtadt bei Helm und Brüggemann. Man muß geſtehen, daß
128 1410 1298 1452 Blatt hat ſeinem Namen Ehre zu machen geſucht. Die Red. iſt ihrem
124 1462 1296 1500 ausgeſprochenen Zwecke „keiner der theologiſchen Parthei ſich hingebend, Ei⸗
124 1510 1296 1549 nigkeit im chriſtlichen Geiſte vermitteln, ihren Collegen Veranlaſſung und
126 1561 1296 1598 Gelegenheit zu öffentlichen, den geiſtlichen Beruf fördernden Mittheilungen
119 1610 1298 1648 geben zu wollen,” in dem bei weitem größeren Theile der Zeitschrift treu
123 1659 1290 1697 geblieben. — Immer zeichnete ſich dieſelbe durch populäre, gut disponirte
124 1708 1292 1746 und praktiſch⸗homiletiſche, ſo wie durch einzelne gediegene wiſſenſchaftliche Ar⸗
122 1756 1296 1796 beiten aus. Wir erinnern an mehrere Abhandlungen des ſel. v. Cölln, von
116 1806 1294 1847 welchen auch das vorliegende erſte Heft des gegenwärtigen Jahres noch
125 1854 1298 1896 einen ſchätzbaren Beitrag liefert. Der Verf. ſchrieb bekanntlich wenig, aber
112 1905 1292 1946 was er ſchrieb, war gedacht und durch inhaltsvolle Kürze ausgezeichnet.
110 1953 1294 1995 Dieß zeigen auch die hier ſtehenden „Beiträge zur Würdigung der
116 2001 1290 2047 Prophetie der Hebräer nach ihren Analogien im N. T.” (von
118 2049 1288 2095 denen wir an einem andern Orte ſprechen.) — Es folgt ein Aufſatz *). Wei⸗
188 2144 1294 2184 *) Ueber die vom H. Pred. Ballenſtedt (Heft 2. vor. Jahres) ge⸗
120 2185 1296 2231 lieferte Beantwortung einer ſog. Synodalfrage, die philoſophi⸗
128 2229 1290 2278 ſchen Beweiſe für die Unſterblichkeit der Seele betreffend. Von
