1374 2457
1180 0 1232 151 41
559 72 741 110 Zeitſchriften.
438 154 860 189 Aus der erſten Abtheilung:
346 208 920 244 Wie heiß mir auch im Herzen brenne
358 254 872 288 Die Sehnſucht nach Unſterblichkeit,
346 300 886 332 Ich dankbar doch und laut erkenne
358 342 806 379 Der ird’ſchen Tage Seligkeit;
355 387 784 423 und gäbe es kein ewig Heil,
360 430 830 468 Mein Herz erhöbe keine Klage,
363 473 934 511 Denn Liebe ward mein glücklich Theil,
359 517 822 557 Sie weihte jeden meiner Tage.
431 595 884 636 Aus der zweiten Abtheilung:
352 653 884 691 Ich forſchte treu, ich prüfte lange,
357 694 935 734 Mir ward im Zweifeln oft gar bange.
361 737 916 779 Der ſchwere Kampf ist ausgerungen,
356 782 922 822 Der Zweifel in der Bruſt bezwungen.
364 827 920 867 Denn ſieh, es thut nur Eines Noth,
364 869 1047 912 Nicht raubt’s der Menſch und nicht der Tod.
438 939 882 981 Aus der dritten Abtheilung:
597 993 730 1032 Rath.
372 1033 846 1076 Wollt ihr die Erde überwinden,
366 1077 876 1118 Den Himmel an die Erde binden,
368 1121 959 1167 So ſchließet gleich den Bund der Liebe,
371 1168 852 1210 Wie euer Herz euch dazu triebe,
364 1213 966 1259 Wenn heute ſchon der Tod euch fände,
364 1259 956 1305 Des Lebens letzter Tag euch ſchwände.
526 1386 818 1428 Zeitschriften.
130 1431 1270 1490 Katholiſche Kirchenzeitung. Mit dem Motto: ut cooperatores si-
158 1475 1155 1541 mus veritatis. 3. Jo. 8. Aſchaffenburg 1833. 4. (Schluß.)
134 1530 1261 1592 St. 9. Das Kirchenweſen der Vereinigten Staaten (bis St. 12). Aus
95 1579 1262 1641 der Esq. morale et politique des Etats-Unis, par A. Murat. Paris 1832.
176 1629 1266 1690 Aktenſtücke, die Kirche in Jauernik betreffend. (Ebenſo St. 10. 11.)
169 1690 1270 1749 St. 10. Ueber das Franzöſiſche Unterrichtsweſen. („Der Unterricht
99 1737 1264 1796 ſteht unter der Staatsverwaltung; wir haben einen eigenen Miniſter dafür.
95 1786 1268 1845 So iſt denn das Chriſtenthum, wie es urſprünglich (?) im Verhältniß zur
105 1836 1269 1894 Geſellſchaft in die Welt trat, gänzlich verſchwunden, und die heidniſche
177 1883 748 1925 Form der Societät wiedergekehrt!”) —
177 1941 1274 2001 St. 12. Nachrichten aus Augsburg. Herr Pfarrer Lerchenmüller,
102 1987 1272 2050 ehem. Herausgeber der conſtitut. K.⸗Zeitung, hat nun zum zweitenmale
98 2036 1270 2100 widerrufen, und von den biſchöfl. Ermahnungen hingeriſſen, „gleichſam ge⸗
102 2086 1276 2149 ſchworen, von nun an ein Anderer zu werden.” Herr Lutz iſt „ein Prie⸗
98 2138 1282 2199 ſter von großer Liebeskraft und rührendem Eifer; Hr. Lerchenmüller ein
96 2183 668 2233 leichtfertiger frecher Schwätzer.” —
