1360 2453
407 86 994 125 Rust, Stimmen der Reformation etc.
80 93 168 126 284
79 168 1267 209 das eigentlich gelehrte oder gar theologiſche. Um ſo mehr müſſen wir be⸗
83 217 1263 260 dauern, daß er den geſchichtlichen Blick eigentlich nur auf die Nachtſeite
77 266 1261 308 der neueren Zeit gewendet und nicht wenigſtens neben dem Gegebenen auch
80 316 1263 358 gezeigt, wie das durch die Reformation ausgeſprochene und lebendig ge⸗
76 363 1257 407 wordene Prinzip ſich da und dort erhalten und bewährt hat in der Pra⸗
76 412 1265 456 xis. Dazu hätte die Betrachtung des Entwickelungsganges der deutſchen
78 461 1263 505 Nation vielfache und erfreuliche Beweiſe geliefert. Selbſt der Zeit fehlte
72 511 1251 554 es nicht ganz, welche der Herr Vf. für die oberflächlichſte, in ſich zerriſſenſte
75 561 1251 602 hält. Auch Friedrich hätte verdient tiefer aufgefaßt zu werden, obſchon
69 611 1257 652 im Allgemeinen die hier gegebene Charakteriſtik der Wahrheit ziemlich nahe
69 660 1255 700 kommt, und die neuern Verſuche, das Gegentheil zu begründen, uns bis
72 708 802 742 jetzt wenigſtens nicht befriedigen konnten. —
148 758 1254 797 Zuletzt ſtellt der Herr Vf. noch die Frage auf: „Wie ſoll’s anders,
76 807 1256 848 wie beſſer werden?” Er beantwortet ſie in 10 Artikeln, wie man ſie von
75 857 491 890 einem Theologen erwartet.
166 1060 1166 1098 Nachfolgende Druckfehler wird der Leſer zu verbeſſern gebeten:
74 1132 837 1168 Seite 2 Zeile 17 v. o. lies: beide ſtatt: leider.
95 1167 874 1205 — 44 — 6 v. u. — von ihnen ſtatt: aus.
102 1200 1072 1240 — 72 — 14 v. ο. — dem B. Ordin. ſtatt: d. B. ordin.
94 1233 811 1274 — 74 — 14 v. o. — ſeinen ſtatt: ſeine.
91 1272 1032 1313 — 82 — 18 v. o. — Teich Bethesda ſtatt: Bethesda.
86 1308 986 1349 — 88 — 3 v. u. — ὤν ἐκ τοῦ ſtatt ὥν ἐν τοῦ.
86 1345 902 1383 — 127 — 13 v. u. — Hunnius ſtatt: Gunnius.
92 1380 844 1419 — 128 — 11 v. u. — africae ſtatt: africa.
88 1420 876 1456 — 129 — 16 v. o. — proprius ſtatt poprias.
80 1457 1207 1495 — 150 — 18 v. o. — Sonnabendfaſtens ſtatt: Sonnabendſyſtems.
80 1491 1244 1531 — 151 — 18 und 19 ſoll es heißen: in der ſein eigenthümliches Ver⸗
521 1532 683 1564 dienſt volle.
78 1564 769 1601 — 172 — 6 v. u. — ces ſtatt: ses.
79 1600 1012 1636 — 188 — 11 v. u. — pas tout — à ſtatt: partout à.
83 1636 1012 1675 — 191 — 24 v. u. — “als klaſſiches Werk bezeichnen.”
81 1673 775 1710 — 192 — 6 v. o. — das, ſtatt: dieß.
