1350 2457
189 101 1165 153 Allgemeines Repertorium
634 180 727 223 fuͤr
115 246 1236 304 die theologiſche Literatur und kirchliche Statiſtik.
80 348 1262 406 1. April. № 1. 1833.
90 471 1263 522 Aufgefordert von mehreren geachteten Theologen hat ſich der Unterzeichnete
94 517 1257 565 entſchloſſen, vereint mit mehreren Gelehrten, eine theologiſche Zeitſchrift un⸗
86 561 1261 613 ter obigem Titel herauszugeben. Sie wird ſich in ihrem kritiſchen Theile
86 608 1255 656 zunächſt eine Aufgabe ſtellen, welche keine der beſtehenden theologiſchen Zeit⸗
92 651 1265 702 ſchriften bis jetzt hat löſen wollen, nämlich alle neuen Erzeugniſſe dieſer
89 694 1259 749 Literatur anzuzeigen und zu beurtheilen. Hinſichtlich der Bücher ſoll
81 739 1257 792 dieß in der Art geſchehen, daß ihr Inhalt, ihre Darſtellungs⸗
81 784 1257 837 weiſe angegeben, ihr Geiſt, ihre Eigenthümlichkeit charakteriſirt
87 828 1263 884 und durch ein motivirtes kurzes Urtheil ihr Werth feſtgeſtellt
85 872 1262 925 wird. Die Programme, Diſſertationen, die Aufſätze und Kriti⸗
81 915 1251 972 ken der Zeitſchriften, ſo wie theologiſche Aufſätze und Recenſio⸗
75 959 1255 1017 nen in Zeitſchriften anderer Fächer, werden bemerkend angezeigt.
155 1006 1257 1061 Sodann wird ſie in ihrem ſtatiſtiſchen Theile, ſo viel möglich mittelſt
80 1052 1261 1106 Original⸗Correſpondenz, Berichte über das kirchliche Leben in und außer
80 1098 1261 1148 Deutſchland, eine Perſonal⸗Chronik der theologiſchen Fakultäten und Notizen
84 1141 1261 1191 über deren ſämmtliche Inſtitute, endlich unter der Rubrik: „Miscellen”
76 1184 1234 1237 Nachrichten über neue theologiſch⸗literariſche Unternehmungen etc. enthalten.
154 1231 1263 1282 Der Herausgeber hat es ſich nebſt ſeinen Mitarbeitern und Correſpon⸗
80 1273 1257 1328 denten zum Geſetz gemacht, in Beziehung auf Confeſſionen und theologiſche
82 1318 1253 1372 Richtungen unpartheilich zu ſeyn, und hinſichtlich der Perſonen, mit derjeni⸗
76 1365 1257 1417 gen Würde ſich zu äußern, welche den theologiſchen Beurtheiler als ſolchen
81 1409 337 1446 auszeichnen ſollte.
149 1454 1262 1505 Was einer unſerer geachtetſten Gottesgelehrten in einem Aufſatze der
74 1499 1262 1549 „Studien und Kritiken!” (vom Jahre 1830, St. 3.) betitelt: „Gedanken
82 1543 1260 1591 und Wünſche über Recenſionen” Treffliches und allgemein Beherzigenswerthes
76 1588 1258 1639 gesagt hat, werden die Mitarbeiter an gegenwärtigem Unternehmen als lei⸗
77 1632 650 1671 tende Regel zu beachten bemüht ſeyn.
141 1679 622 1716 Bonn, den 22. Januar 1833.
500 1740 1162 1786 Dr. Georg Friedr. Heinr. Rheinwald,
401 1785 1249 1837 Lic. und außerordentlicher Profeſſor der ev. Theologie.
150 1893 1255 1941 Vom 1ſten April d. J. an werden alle 14 Tage 3 Nummern von dieſem
67 1940 1255 1988 Repertorium ausgegeben. Jedes Quartal bildet einen Band, im Preiſe zu
71 1984 1247 2030 1½ Rthlr. — Beſtellungen nehmen alle Buchhandlungen des In⸗ und Aus⸗
77 2031 892 2073 landes, ſo wie auch die Wohllöblichen Poſtämter an.
144 2075 567 2109 Berlin, im Januar 1833.
637 2124 1210 2173 Der Verleger Fr. Aug. Herbig.
102 2241 1058 2281 I. Bd. 1
