1383 2456
482 60 896 109 Evangeliſches Kirchenrecht.
1205 88 1277 126 195
99 130 1274 197 natur unſterblich und ewig ſelig ſeyn. Das letzte Gericht iſt auf Erden,
105 180 1276 245 die vorher Geſtorbenen kann die Vergeltung nicht mehr treffen, aber es
99 229 1276 294 werden die Gräber geöffnet erſcheinen, d. h. es wird von Allen erkannt
103 280 1268 346 werden, daß alle Geſtorbenen ſchon in eine Herrlichkeit eingegangen ſind,
101 329 1278 396 jeder in ſeiner Ordnung, Chriſtus zuerſt. Die Auferſtehung beſteht alſo
99 378 1271 446 darin, daß diejenigen, welche bisher irdiſch geweſen waren, geiſtig und un⸗
101 427 1269 494 ſterblich wurden, und erkannten, daß alle Geſtorbenen lebten, die früher im
93 476 1274 544 Tode zu ſeyn ſchienen. Die Belebung der Leiber iſt eben die Belebung
93 524 1271 591 der wahren Perſönlichkeit in den ſinnlichen Menſchen etc. Wenn der Apo⸗
101 573 1263 640 ſtel Paulus ſolchen Gnoſticismus vorgetragen hätte, wäre da die Vermu⸗
95 620 1273 688 thung des Felix ſo ganz unbegründet geweſen? Von der Exegeſe des
91 671 1267 737 Verf. nur ein Beiſpiel: Eph. II. 2, ἐξουσία τοῦ ἀερος = die ver⸗
94 716 455 764 derbliche Hofluft! —
390 844 961 896 Systematische Theologie.
264 898 1079 957 Evangeliſches Kirchenrecht.
554 952 794 991 Erſte Ueberſicht.
565 1002 779 1048 (Fortſetzung.)
123 1050 1260 1116 7) Pölitz, über Kirche und Staat. (Jahrbücher der Geſchichte
178 1100 972 1155 und Staatskunſt. 1832. April. Seite 352 ff.)
117 1158 1256 1225 Wenn gleich auch hier nicht der poſitive Begriff von Kirche ſeine genügende
81 1204 1247 1276 Erörterung findet (tiefer geht dießfalls Schröter in: Carl Auguſt, Groß⸗
85 1254 1253 1325 herzog von Sachſen, 1829, S. 47; Baumgarten⸗Cruſius: Ueber
79 1303 1245 1372 Gewiſſensfreiheit etc., 1830, S. 14 ff.), ſo ſind doch wohl zu beachtende
81 1353 1253 1422 apoſterioriſche Gründe für die Vereinigung der Kirchen⸗ und Staatsgewalt
81 1401 1251 1471 angeführt, und die beſtehende Conſiſtorialverfaſſung (S. 361) in ihrer
77 1451 1245 1519 Zweckmäßigkeit dargethan, ſofern die Conſiſtorien als kirchliche Centralſtel⸗
77 1498 1246 1567 len den perſönlichen Eingriffen des Regenten am leichteſten vorbeugen, und
77 1546 1243 1616 für die Cultminiſterien, gegen deren Beſetzung durch Geiſtliche erhebliche
75 1596 1239 1666 Bedenken vorgetragen werden, berathende Oberbehörden bilden. Uebrigens
77 1646 1239 1716 läßt ſich der Verf. Presbyterien mit eingeſchränktem Wirkungskreiſe gefal⸗
71 1695 1245 1768 len; die Vereinigung von Synoden mit der Conſiſtorial⸗Verfaſſung ſcheint
73 1741 771 1801 ihm nicht ohne Grund für letztere gefährlich.
105 1837 1239 1903 8) Der evangeliſche Staat und die evangeliſchen Geiſtli⸗
163 1891 1234 1950 chen. Ein Wort der Zeit an die ſchweizeriſchen Verfaſſungsräthe,
165 1939 1229 1999 Staatslenker und Kirchendiener. 8. Zürich 1831. 24 S. ⅟₁₂ rtl.
105 1992 1228 2054 So klein dieß Schriftchen iſt, ſo gediegen iſt ſein Inhalt, ſo richtig und
71 2036 1227 2105 wahr ſind die durchſchimmernden kirchenrechtlichen Grundſätze. Es bewegt
67 2085 1237 2156 ſich zwar ganz auf dem Gebiet rein ſchweizeriſcher Verhältniſſe, aber beſpricht
65 2132 1237 2205 dieſe mit einer ſo unbefangenen Nüchternheit, daß es weit über den mei⸗
63 2181 1237 2256 ſten deutſchen Flugſchriften dieſer Klaſſe ſteht. Der ſpecielle Zweck iſt, den
949 2239 1034 2290 13 *
