1351 2454
512 59 809 102 Knapp Chriſtoterpe.
64 82 120 118 68
64 136 1252 194 Gegenwart ſchildert und das chriſtliche Verhältnist zwiſchen Fürſt und Volk
72 187 1256 241 darzuſtellen ſich bemüht. Das vor uns liegende Werk iſt, wie ſchon der
75 235 1256 290 Titel beſagt, theils aus des Verfaſſers eigenen, theils aus fremden Bei⸗
77 285 1260 338 trägen entſtanden, unter denen Proſaiſches und Poetiſches ſo mit einander
78 334 1254 389 wechſelt, daß der Inhalt des Ganzen in dieſer Beziehung aus zwei unge⸗
77 384 1249 435 fähr gleichen Halften beſteht. Iſt auch des Gelieferten theils zu Vielerlei,
74 430 1253 483 ſo daß es dem Leſer am Ende ergeht wie dem Zuhörer in einem gewöhn⸗
74 478 1262 534 lichen Concert, der, weil er zu Mannigfaltiges gehört, verwirrt oder leer
80 530 1259 582 nach Hauſe geht, und ſind auch die Beiträge einander ſehr ungleich an
74 577 1270 631 Geiſt und Gehalt, ſo iſt doch nur ſehr Weniges aufgenommen, was die
78 626 1265 679 Aufnahme gar nicht verdient, und auch dieſes verſchwindet vor dem vielen
83 676 1266 728 Ausgezeichneten, was das Buch darbietet. Was der Herausgeber ſeinen
81 726 1270 779 Leſern geben und zumuthen will, drückt er ſelbſt am Ende der von ihm
77 781 833 830 gedichteten „Zueignung” mit den Worten aus:
249 851 1001 897 Komm, breite die Schwingen durchs ewige Blau!
250 898 1011 940 Komm, trinke den reinen, den himmliſchen Thau!
245 943 909 983 Er ſtärket das Auge, der Buſen wird weit,
250 989 885 1031 und blühend entknoſpet die welkende Zeit.
251 1064 907 1103 Vom Irdiſchen reden die Söhne der Welt,
250 1108 1006 1150 Das Himmliſche kehrt ſich zum himmliſchen Zelt,
250 1153 1015 1192 und wenn in dem Himmel dein Wandel ſoll ſeyn,
255 1196 966 1235 So ſchwinge dein Herz in den Himmel hinein.
171 1263 1269 1315 Die Reihe der proſaiſchen Beiträge eröffnet Dr. Sack mit einem
89 1313 1274 1368 Aufſatze, betitelt: „Zur Charakteriſtik der Propheten”, der ſich die Aufgabe
90 1362 1275 1416 macht, zu zeigen, theils wie jedem der Propheten ein beſtimmter, menſch⸗
86 1412 1274 1466 lich individueller Charakter zukommt, theils wie alle ſechszehn Propheten
84 1461 1277 1515 ſo einander ergänzen, daß keiner hinweggethan und keiner hinzugefügt wer⸗
94 1511 1276 1563 den könnte, ohne das Ganze zu zerreißen und ohne die Beziehung dieſes
94 1559 1276 1612 Ganzen zur geſammten Bibel zu ſtören. Sehr gut wird namentlich der
92 1607 1280 1663 Zuſammenhang und die Differenz zwiſchen den kleinen und großen Pro⸗
102 1657 1280 1711 pheten dahin angegeben, daß die letzteren das Verhältniß Iſraels zu Gott
98 1708 1276 1759 und zu ſeinen großen Gerichten unter den Voͤlkern der Welt zugleich dar⸗
108 1756 1282 1809 ſtellen, während die kleinen mehr die inneren Gebrechen Iſraels und die
103 1809 1277 1855 einheimiſchen Züchtigungen des Hauſes Gottes enthalten. Der ganze,
101 1855 1274 1904 überaus bündige und kernhafte Aufſatz hat dem Referenten den Wunſch
102 1903 1272 1955 nahe gelegt, es möchte dem Herrn Verfaſſer gefallen, zu Nutz und From⸗
103 1952 1280 2004 men der Laien eine ausführlichere praktiſche Einleitung wenigſtens in das
94 2011 568 2054 alte Teſtament zu bearbeiten.
182 2053 1273 2099 Heinroth, der „über das Verhältniß der Vernunft zur Offenbarung”
100 2098 1286 2151 ſpricht, ſcheint ſowohl bei der Wahl ſeines Gegenſtandes als und noch mehr
98 2150 1270 2199 in der Behandlung deſſelben das Publicum eines Taſchenbuchs vergeſſen zu
98 2197 1284 2252 haben. Indem er mit Jacobi Vernunft ale das Vermögen, das Göttliche
