1331 2454
570 67 722 98 Miscellen.
53 85 137 117 112
64 141 1231 190 Veränderung des Rituals kommt, worauf wenigſtens der Stiftspropſt
63 181 1237 231 Clauſen es abgeſehen hat. Es haben aber auch ſchon vor dem Schluſſe
64 222 1238 271 des Jahres mehrere Geiſtliche, wie Paſtor Rönne in Lyngbye, und ſein
57 262 1238 309 Gehülfe, ein junger Prediger, Berg, ſich öffentlich ausgeſprochen, daß ih⸗
65 305 1235 351 nen das kirchliche Ritual, ſo wie es iſt, herzlich zuſage und die Befolgung
66 348 914 392 deſſelben niemals ſchwer, viel weniger unmöglich falle.
145 383 1238 429 Wir haben geglaubt, dieſen kirchlichen Bericht mit einiger Umſtänd⸗
69 425 1242 470 lichkeit liefern zu müſſen, theils, weil die darin geſchilderten Bewegungen
65 465 1235 513 wichtigen Einfluß auf die Kirche, unſeres Vaterlandes gehabt haben und
64 505 1243 555 noch haben, theils, um deutſchen Leſern, denen der Zugang zu den in den
66 546 1250 594 Streitigkeiten gewechſelten Schriften nicht offen ſteht, den Stand der
68 587 1249 636 Dinge möglichſt zu veranſchaulichen. — Ueber mehrere nicht berührte
65 631 1009 678 Fächer der kirchlichen Correſpondenz nächſtens noch Einiges.
537 716 782 753 Miscellen.
129 762 1193 809 Neuere literariſche Unternehmungen auf theol. Gebiete.
66 809 1247 856 C. Berger, zu Leipzig, kündigt einen verbeſſerten Wiederabdruck der
118 845 1249 892 ſymboliſchen Bücher der Ev. (Luth.) Kirche nach der Rechenberg⸗
114 884 860 926 ſchen Ausgabe an (für die Subſcrib. Pr. 1 rtl.).
69 916 1256 965 J. F. Steinkopf, zu Stuttgart: Predigten über die Sonn⸗ und Feſt⸗
112 952 1248 998 tags⸗Evangelien, von Dr. Steinkopf, Paſtor an der deutſch⸗luth. Kirche
111 988 1254 1035 in der Savoy zu London (mit des Verf. Bildniß). 8 — 9 Hefte, mit je
111 1025 1256 1069 10—12 Predigten. (Subſcript.⸗Pr. für das Heft 6 ggr. oder 24 kr., für
112 1069 683 1108 das Ganze 1½ rtl. oder 2 fl. 12 kr.)
76 1096 1244 1145 G. G. Kayſer, zu Leipzig, eine Neue Ausgabe des Corp. Jur. Cano-
108 1133 1257 1181 nici, post J. H. Boehmeri curas brevi adn. crit. instr. den. ed. A. L.
113 1168 1258 1215 Richter, Priv.-Doc. d. Rechte. zu Leipzig. In Einem Bande, gr. 8., in
116 1204 1256 1252 8 Lieferungen (à 16 ggr. oder 20 ſgr. ) — Dieſelbe Handlung verſpricht
113 1241 1258 1287 einen Abdruck: der Beſchlüſſe des Concil. Tridentinum, die ein
119 1278 1169 1323 Supplm. zum Corp. J. C. bilden ſollen. (Pr. für Subſcr. 16 ggr.)
81 1312 1250 1363 Falkenberg, zu Barmen und Schwelm, laden zur Subſcription ein auf
124 1348 1229 1397 ein „Jahrbuch für die Evang. Kirche des Königl. Preuß. Staates.”
119 1383 1258 1433 Von Dr. H. W. Wiedenfeld, Lic. der Th.; Pfarrer in Gräfrath. Er⸗
128 1420 1256 1469 ſcheint Oſtermeſſe 1834. (20 Bogen, Subſcript.⸗Pr. 1 rtl. 8 ggr. oder
113 1469 317 1505 2 fl. 21 kr.)
85 1491 1258 1543 Ferd. Müller, zu Berlin (Enslinſche B.): Das N. Testament nach
121 1527 1264 1577 der Ueberſetzung von Luther, mit Anmerkungen, Einleitungen, einer
120 1563 1256 1612 Harmonie der vier Evangelien, Aufſatz über Paläſtina, Zeittafel über die
124 1597 1268 1648 Apoſtelgeſchichte und ausführlichem Sachregiſter. Zum Gebrauch für alle
128 1634 1260 1684 Freunde des göttlichen Wortes, inſonderheit der Lehrer in Kirchen und
126 1670 1258 1720 Schulen, bearbeitet von F. G. Lisco, Prediger in Berlin. In der An⸗
118 1707 1257 1756 kündigung zugleich eine Probe, die allerdings geeignet iſt, zur Subſcript.
120 1744 1253 1794 aufzumuntern. 60 Bogen. 9—10 Lieferungen, à 6 Bogen (die Lieferung
123 1792 475 1828 à 6 ggr. oder 7½ ſgr.)
118 1815 1262 1867 Die J. H. Funkeſche Buchhandlung zu Crefeld: Die heil. Schrift des
130 1851 1266 1901 N. T. zur Beförderung einer ſegensreichen Leſung derſelben in chriſtlichen
121 1887 1262 1937 Familien. Erſter Theil die Evangelien des Matthäus, Marcus, Lucas ent⸗
128 1923 1260 1974 haltend, mit erklärenden Anmerkungen verſehen und in berichtigter Ueber⸗
137 1960 1268 2011 ſetzung, herausgegeben von J. W. Grashof, ev. Diviſions⸗Prediger zu
125 1995 1260 2045 Cöln. (3—4 Bände, der erſte Band, ſpäteſtens Michaelis erſcheinend,
133 2030 1262 2080 24—30 B. 9. 1 rtl.) Den Plan des Werkes lernt man kennen aus
132 2064 1272 2118 der 1831 erſchienenen Anzeige deſſelben, als aus der mit ſo vielem Beifall
136 2102 1266 2156 aufgenommenen Probe: die Briefe des Jacob. Petrus, Johannes, Judas.
129 2158 334 2191 Eſſen, 1830.)
137 2219 1236 2265 Redacteur: Prof. Dr. Rheinwald. Verleger: F. A. Herbig.
