1351 2454
44 34 102 184 70
538 88 735 127 Zeitſchriften.
263 163 1074 210 Fahr’ wohl, fahr’ wohl! Könnt’ ich ein Opfer legen
262 210 915 253 Auf Deine Gruft: es wäre Gottes Wort!
265 257 899 298 Im Leben trat es mahnend Dir entgegen
265 303 828 341 und über Deinem Tode lebt es fort.
265 346 903 387 Die ſchöne Seele wußt’ um ſeinen Segen,
276 388 993 432 Dein ſchöner Geiſt, gewann er auch den Port?
270 435 892 480 O, daß er dort in neuer Tugend blühte!
272 478 901 526 Daß ſelig Dich die Ewigkeit durchglühte!
141 544 1241 604 „Vier Kirchenlieder” von dem geſchätzten Liederdichter Nicolai (✝ im
55 593 1244 655 Jahre 1608 in Hamburg) ſind fließend und ohne die alte Kraft zu ver⸗
66 642 1250 704 lieren, vom Herausgeber überarbeitet worden; eben ſo haben die beiden
57 693 1239 752 Kupfer, welche das Buch zieren, ein Chriſtusbild und eine Kreuzabnahme,
70 741 1233 803 an ihm einen glücklichen Interpreten gefunden. Auch „die Todtenreiſe”
69 792 1246 850 von demſelben würde einen tiefen Eindruck machen, wenn ſie nicht zu lang
66 839 1252 901 wäre. Am wenigſten ſind dem Verf. die in einer Reihe von Liedern ent⸗
65 889 1251 950 haltenen Naturſchilderungen gelungen; ſeine chriſtliche Polemik zeigt ſich hier
66 938 1251 999 am befangenſten und er ſelbſt am meiſten als ein ſolcher, der erſt nach der
73 986 1257 1048 vollen Harmonie mit ſich ſelbſt ringt. Werthvolle poetiſche Gaben haben
65 1035 1258 1098 außer ihm v. Meyer, Schwarz und Bahnmaier geſpendet, beſonders lieſt
76 1085 1260 1148 des Letzteren „Rath und Gegenrath” den Revolutionairs eine heilſame
71 1134 1265 1198 Lection. Die „bisher ungedruckten aphoriſtiſchen Bemerkungen von Lava⸗
73 1185 1266 1246 ter”, meiſt Diſtichen, ſind, gegen ſo manches Bedeutende und Originelle
77 1232 1265 1297 gehalten, das wir von dieſem Manne haben, ſehr unbedeutend und haͤtten
77 1298 600 1344 füglich ungedruckt bleiben können.
160 1340 1268 1398 Sorgt der Herausgeber, wie er ſelbſt in der Vorrede anzudeuten
79 1390 1268 1452 ſcheint, künftig mehr für eine Einheit des Geiſtes in den verſchiedenen
84 1440 1264 1501 Mittheilungen, ſo kann dieſes ſchon in ſeiner erſten Erſcheinung ausgezeich⸗
80 1497 998 1550 nete Taſchenbuch an Gehalt und Wirkung nur gewinnen.
533 1650 834 1690 Zeitschriften.
131 1685 1274 1747 Kirchenzeitung für das katholiſche Deutſchland. Von einer Ge⸗
158 1732 1274 1792 ſellſchaft Katholiken. 1833. Augsburg, Volkhart. 4. Band 1.
166 1800 278 1837 Heft 1.
133 1833 1267 1892 Unter dieſem Titel erſcheint jetzt die mit dem 1. Juli 1832 gegründete,
97 1880 1276 1942 unter dem Namen: „Neue Conſtitutionelle Kirchenzeitung” edirte Kirchen⸗
98 1928 1278 1994 zeitung. Ihre Tendenz iſt: „in den Anſichten uͤber die kirchlichen Einrich⸗
92 1978 1276 2042 tungen der katholiſchen Kirche und in den Anforderungen der Zeit an die
98 2028 1282 2091 Mitglieder derſelben vor Allem den Geiſt des Evangeliums zu Grunde zu
102 2075 1280 2142 legen, und dann die Bedürfniſſe der Zeit und die Bildungsſtufe der Zeit⸗
97 2121 1288 2192 genoſſen zu berückſichtigen, fern vom Kaſtengeiſte und Intoleranz.” Die
106 2171 1286 2239 Herausgeber wünſchen dem würdigen kathol. Elerus von Baiern, ſo weit
102 2227 1282 2290 er ſich mit den Anſichten der Herausgeber befreundete, ein Organ darzu⸗
