1373 2454
453 59 839 94 Zeitſchriften. Miscellen.
50 74 116 107 16
63 140 1231 179 Sendung vom Himmel (mit einer Vorrede von G. C. R. Ackermann).
51 191 358 230 Roſtok, 1830. —
140 237 1226 278 St. 4. 5. Baumgarten⸗Cruſius, Dogmengeſchichte. Jena,
60 285 1236 327 1832, (will nicht einzelnes kritiſch beleuchten, ſondern nur den Geiſt, wo⸗
59 334 1230 376 raus das Ganze hervorgegangen, den theol. philoſ. Standpunkt des Hrn.
55 389 468 428 Verf. charakteriſiren). —
144 432 1230 475 St. 12. Vinc. Ferrer, nach ſeinem Leben und Wirken dargeſtellt
53 483 583 524 von Dr. Heller. Berl., 1830.
134 529 1236 574 St. 20. A. H. Niemeyer, theol. Encycl. und Methodologie. Von
61 576 1234 624 einem ehemaligen Schüler des Vollendeten („trotz des Abrathens von
57 627 1227 672 Seiten des Sohnes von Niemeyer, trotz der Worte des Verſtorbenen,
65 676 1236 724 er wolle nichts von ſeinen Vorleſungen gedruckt wiſſen, dennoch) heraus⸗
59 728 865 776 gegeben. Leipz., 1830 (voll Mängel und Lücken).
134 769 1230 822 Roſenkranz, Encyclop. der theol. Wiſſenſchaften. Halle, 1831. —
134 823 1233 870 St. 23. Archiv für die Reform.⸗Geſch. von K. E. Förſtemann,
62 872 1246 921 B. 1. H. 1. (enthaltend: Canzler Brüfs, Geſch. der Reichshandl. auf
62 921 1245 970 dem R.⸗Tag zu Augsburg 1530). Halle, 1831 („aufmunternd zur
63 976 351 1018 Fortſetzung”). —
139 1020 1244 1064 van Hengel, Oratio de rel. christianae efficacitate in bellum.
56 1077 445 1117 Lugd. Bat. 1832. —
143 1116 1240 1164 Selbſtbiographie eines Landpredigers aus deſſen Tagebuch und Erin⸗
59 1165 981 1215 nerungen. Theil 1. Jugendgeſchichte. Gött., 1831. —
144 1214 1246 1265 Intelligenzblatt No. 1. Necrolog von C. D. Beck (geb. 1757
61 1272 535 1315 ✝ 1832), von Wachsmuth.
532 1365 789 1407 Miscellen.
86 1423 1232 1473 Bonn. Theologiſche Vorleſungen im Sommer⸗Semeſter 1833.
443 1482 885 1521 Evangeliſche Theologie:
146 1523 1243 1572 Auguſti: Dogmatik. Archäologie. Bleek: Jeſaias. Galat. Theſſal.
72 1559 1253 1610 Philipp. Koloſſ. Epheſ. Philem. — Abſchnitte aus den Thargumim. Gelpke:
77 1594 1244 1647 N. T. Einleitung. Evangel. Johannis. Römer. Nitzſch: Moral. Dogmen⸗
71 1631 1247 1683 geſch. Liturgik. Redepenning: Ausgew. Pſalmen. Kirchengeſch. Th. 2.
76 1665 1252 1716 Rheinwald: Kirchengeſch. Th. 1. Patriſtik. Paſtoralbriefe. Sack: Sa⸗
77 1700 1242 1755 muel. II. Encyclopädie. — Die exegetiſchen und das hiſtor. Seminar: Au⸗
71 1738 1244 1791 guſti, Bleek, Rheinwald. Das homiletiſch. katechet. Seminar: Nitzſch
76 1793 236 1826 und Sack.
460 1814 868 1855 Katholiſche Theologie:
149 1855 1248 1903 Achterfeld: Moral. Th. 1. Proleg. zur chr. Moral. Homilet.⸗katech.
70 1890 1252 1942 Uebungen. Paſtoral⸗Theol. Th. 1. Braun: Synopſis. Kirchengeſchichte.
76 1925 1255 1979 K. Alterthümer. Klee: Encyelopädie. Dogmatik Thl. 2. Hebräer oder
76 1962 1253 2014 I. Corinth. Scholz: Jeſaias. Timotheus I. und Il. Bibl. Archäolog.
78 1997 1248 2049 Exeget. Uebungen. Vogelſang: Dogmatik. Erkenntnißprincipien der chriſt⸗
81 2051 339 2084 kathol. Theologie.
152 2075 927 2120 Repetitionen im K. Convict. durch die Repetenten.
147 2117 691 2156 Anfang der Vorleſungen 29. April.
111 2201 1221 2254 Redacteur: Dr. Rheinwald. Verleger: F. A. Herbig.
