1328 2454
6 69 79 90 II
1148 116 1220 151 Seite
385 158 867 198 Syſtematiſche Theologie.
38 201 1220 261 Eichhorn, Grundſätze des Kirchenrechts. 1r Bd. . . . . . 9
40 251 1220 306 Uſteri, Entwickelung des Pauliniſchen Lehrbegriffs . . . 87
44 294 1219 351 Böhme, die chriſtliche Religion, 3r Theil . . . . . 119
48 340 1218 396 Zeller, die katholiſche Mutter und der evangeliſche Sohn . . . 134
39 390 825 443 Ueberſicht des evangeliſchen Kirchenrechts:
54 427 1221 484 1. Wurm, Ueber den Begriff der ſichtbaren Kirche . . . . 146
64 474 1224 530 2. Bemerk. z. d. Aufſatz: Ueber die Verhältniſſe d. Chriſt. zur Kirche 163
60 520 1220 574 3. Ueber die Verhältniſſe der Chriſten zur Kirche . . . . . 164
60 562 1221 620 4. Das Vorwort zur evangeliſchen Kirchenzeitung . . . . . 164
60 607 1222 665 5. Hunnius, Reſtauration des Staats⸗ und Kirchenrechts . . 179
61 651 1222 708 6. Frey, die Kirche  . . . . . . . . . 180
70 697 1226 754 7. Pölitz, über Kirche und Staat . . . . . . . 195
64 739 1236 800 8. Der evangeliſche Staat und die evangeliſche Geiſtlichkeit . . 195
60 783 1231 844 9. Zimmermann, Verfaſſung der Kirche in Heſſen . . . . 196
48 830 1226 889 10. Bauer, Mahnungen der Zeit . . . . . . . 197
56 875 1225 933 11. Wünſche der evangeliſchen Geiſtlichkeit Sachſens . . . . 198
55 923 1236 977 12. Ueber eine Reform der evangeliſchen Kirchenverfaſſung . . . 211
54 968 1229 1024 13. Krehl, über Presbyterien und Synoden . . . . . 212
56 1012 1232 1069 14. Evangeliſche Bedenken über Veränderungen . . . . . 212
56 1057 1230 1112 15. Sack, Bemerkungen über Synodal⸗Verfaſſung . . . . 213
60 1101 1236 1156 16. Die Repräſentationen der evangel. Kirche . . . . . 213
54 1144 1240 1202 17. Ueber Feſtſtellung der Grundzüge der kirchl. Vertretung . . 230
60 1190 1238 1246 18. Schwabe, Grundzüge einer conſtitutionellen Kirchenverfaſſung . 231
62 1234 1239 1290 19. XV Artikel, die evangeliſche Kirche betreffend . . . . 232
60 1279 1237 1336 20. Bickel, über die Reform der proteſtantiſchen Kirchenverfaſſung . 233
453 1374 855 1415 Praktiſche Theologie.
59 1419 1244 1480 Röhr, Predigten über freie Texte, 1ste Sammlung . . . 13
71 1465 1252 1524 Schleiermacher, Predigten, 6te Samml. . . . . . 28
68 1509 1246 1570 Couard, der verlorne Sohn, 12 Predigten . . . . . 36
65 1554 1246 1614 Theremin, Zeugniſſe von Chriſto . . . . . . . 38
70 1601 1247 1658 Stimmen aus Gräbern . . . . . . . . . 40
74 1641 1252 1704 Dräſeke’s Hirtenbrief . . . . . . . . . 60
70 1687 1258 1748 Dräſeke’s Antrittspredigt . . . . . . . . 62
77 1731 1260 1793 Dräſeke, Nachträge zu derſelben . . . . . . . . 62
79 1777 1242 1837 Chriſtoterpe, Taſchenbuch von Knapp . . . . . . 67
80 1824 1254 1882 Ehrenberg, Neujahrpredigt . . . . . . . . 104
103 1865 1257 1925 — — daß nur Chriſtus verkündigt werde . . . . 106
104 1913 1260 1969 — — Predigten zur Confeſſions⸗Jubelfeier . . . . 122
105 1956 1258 2014 — — Kreuzeserniedrigung und Erhöhung . . . . 123
83 2000 1256 2061 Strauß, Predigten . . . . . . . . . 123
82 2043 1265 2111 Höpfner, von der noch zukünftigen Bekehrung Israels . . . 166
95 2086 1259 2149 — — das irdiſche Freudenmahl . . . . . . . 166
99 2131 1263 2195 — — das Bekennen Chriſti auch vor den Menſchen . . . 166
73 2180 1262 2246 Prof. Höpfner und ſeine Anſichten, von Ruthenus . . . 181
