1350 2456
182 62 1149 108 Allgemeines Repertorium
624 138 709 183 fuͤr
101 211 1219 257 die theologiſche Literatur und kirchliche Statiſtik.
74 314 1247 365 1. April. № 1. 1833.
74 438 1248 472 Aufgefordert von mehreren geachteten Theologen hat ſich der Unterzeichnete
83 483 1246 517 entſchloſſen, vereint mit mehreren Gelehrten, eine theologiſche Zeitſchrift un⸗
77 528 1248 562 ter obigem Titel herauszugeben. Sie wird ſich in ihrem kritiſchen Theile
75 573 1248 606 zunächſt eine Aufgabe ſtellen, welche keine der beſtehenden theologiſchen Zeit⸗
85 617 1252 652 ſchriften bis jetzt hat löſen wollen, nämlich alle neuen Erzeugniſſe dieſer
81 662 1260 696 Literatur anzuzeigen und zu beurtheilen. Hinſichtlich der Bücher ſoll
84 706 1252 741 dieß in der Art geſchehen, daß ihr Inhalt, ihre Darſtellungs⸗
80 751 1253 786 weiſe angegeben, ihr Geiſt, ihre Eigenthümlichkeit charakteriſirt
82 796 1257 832 und durch ein motivirtes kurzes Urtheil ihr Werth feſtgeſtellt
86 841 1255 877 wird. Die Programme, Diſſertationen, die Aufſätze und Kriti⸗
84 886 1245 921 ken der Zeitſchriften, ſo wie theologiſche Aufſätze und Recenſio⸗
76 931 1249 968 nen in Zeitſchriften anderer Fächer, werden bemerkend angezeigt.
147 973 1256 1010 Sodann wird ſie in ihrem ſtatiſtiſchen Theile, ſo viel möglich mittelſt
78 1016 1256 1053 Original⸗Correſpondenz, Berichte über das kirchliche Leben in und außer
79 1058 1254 1096 Deutſchland, eine Perſonal⸗Chronik der theologiſchen Fakultäten und Notizen
77 1104 1250 1141 über deren ſämmtliche Inſtitute, endlich unter der Rubrik: „Miscellen”
84 1149 1230 1186 Nachrichten über neue theologiſch⸗literariſche Unternehmungen etc. enthalten.
147 1196 1256 1232 Der Herausgeber hat es ſich nebſt ſeinen Mitarbeitern und Correſpon⸗
77 1240 1258 1278 denten zum Geſetz gemacht, in Beziehung auf Confeſſionen und theologiſche
79 1285 1254 1322 Richtungen unpartheilich zu ſeyn, und hinſichtlich der Perſonen, mit derjeni⸗
85 1331 1266 1366 gen Würde ſich zu äußern, welche den theologiſchen Beurtheiler als ſolchen
88 1375 342 1409 auszeichnen ſollte.
155 1421 1264 1455 Was einer unſerer geachtetſten Gottesgelehrten in einem Aufſatze der
83 1465 1262 1500 „Studien und Kritiken” (vom Jahre 1830, St. 3.) betitelt: „Gedanken
86 1509 1259 1543 und Wünſche über Recenſionen” Treffliches und allgemein Beherzigenswerthes
85 1552 1258 1589 geſagt hat, werden die Mitarbeiter an gegenwärtigem Unternehmen als lei⸗
88 1596 651 1633 tende Regel zu beachten bemüht ſeyn.
141 1642 629 1680 Bonn, den 22. Januar 1833.
507 1701 1168 1738 Dr. Georg Friedr. Heinr. Rheinwald,
421 1748 1264 1786 Lic. und außerordentlicher Profeſſor der ev. Theologie.
158 1858 1260 1893 Vom 1ſten April d. J. an werden alle 14 Tage 3 Nummern von dieſem
83 1904 1264 1937 Repertorium ausgegeben. Jedes Quartal bildet einen Band, im Preiſe zu
86 1948 1262 1983 1½ Rthlr. — Beſtellungen nehmen alle Buchhandlungen des In⸗ und Aus⸗
79 1992 895 2027 landes, ſo wie auch die Wohllöblichen Poſtämter an.
157 2036 577 2073 Berlin, im Januar 1833.
645 2081 1228 2124 Der Verleger Fr. Aug. Herbig.
117 2191 1076 2248 I. Bd. 1
