1383 2456
550 51 837 89 Kirchliche Statiſtik.
1191 56 1277 91 223
108 130 1281 173 ſteher und den älteſten Gemeinderäthen, üben die Kirchen⸗ und Sittenpolizei,
102 178 1281 223 jedoch ohne Kirchenſtrafen; vielmehr iſt ihre Strafgewalt rein weltlich, nur
108 226 1279 272 daß die Geldſtrafen in die Armenkaſſe fallen. Ihre Wirkſamkeit iſt natür⸗
99 280 1279 320 lich auf dem Lande bedeutender als in Städten, wo ſie ſich faſt bloß auf
107 329 1279 370 die Armen⸗Verſorgung und die Schulangelegenheiten bezieht, doch iſt Letz⸗
100 378 1286 418 teres immer noch wichtig genug, ſofern die Pflicht zum Beſuch der Sonn⸗
112 427 1284 467 tagsſchule und der kirchlichen Nachmittags⸗Katechiſation den Söhnen und
115 477 1282 516 Töchtern bis ins 18te Jahr obliegt, und es nie an Veranlaſſung fehlt,
113 526 1289 565 Säumige durch Ermahnung oder Strafe zu dieſer Pflicht anzuhalten In
105 574 1285 614 Betreff der Sonntags⸗Polizei dürfte die Wirkſamkeit der Kirchenconvente bald
107 624 1287 663 eine erhöhte werden, da zu hoffen ſteht, daß bei dem gegenwärtigen Land⸗
109 673 1287 712 tag ein neues Sonntagsgeſetz verabſchiedet werde. Schon im Jahre 1823
106 720 1283 761 wurde dießfalls ein Antrag geſtellt von dem nun verewigten Prälaten von
106 769 1289 809 Abel, und kürzlich hat der wackere katholiſche Decan Herr Münch wie⸗
110 817 1289 859 derholt und dringend in einer ſchönen (auch gedruckten) Motion die Sache
106 865 496 908 in Anregung gebracht *).
547 918 836 954 (Fortſetzung folgt.)
578 1061 826 1098 Miscellen.
223 1111 1189 1147 Beförderungen. Ehrenbez. Vocationen. Jubiläen.
188 1168 1293 1203 Der bisherige Dompfarrer zu Mainz, Dotzheimer, iſt zum Mitgliede
117 1212 1295 1250 des Domcapitels ernannt, und an ſeine Stelle Herr M. A. Nickel, Lehrer
113 1256 832 1295 der Moral am biſch. Seminar, beſtellt worden.
188 1305 1290 1340 Der bish. Subregens bes Klerikal⸗Seminars zu Würzburg, Dr. Ben⸗
113 1348 1289 1384 kert, iſt zum Regens des Seminars vorgerückt, und der Prof. der Kirchen⸗
116 1392 1293 1430 geſchichte am Lyceum zu Salzburg, Joſeph von Rauſcher, zum Director
119 1434 624 1476 an dieſer Anſtalt beſtellt worden.
177 1485 1291 1519 Der königl. geiſtliche Rath und Domcapitular Dr. R. München iſt zum
121 1526 1287 1565 General⸗Vicariatsrathe zu Cöln; Herr Oberpfarrer Klein zu Bonn zum
119 1570 1287 1610 Landdechant des Dec. Bonn; und Herr J. Th. Mürkens, bish. Pfarrer an
119 1615 1295 1655 der Jacobikirche zu Aachen, zum Pfarrer in St. Foilan und Ehrencapitular
115 1655 792 1700 des Aachner Gollegiatſtiftes ernannt worden.
187 1709 1292 1746 Herr Dr. Bökel, bish. Hauptpaſtor an der Jacobikirche zu Hamburg,
121 1747 1273 1791 hat den Ruf zum Prediger an der Ansgariikirche zu Bremen angenommen.
189 1800 1287 1833 Der bish. Paſtor Primarius zu Zittau, M. G. E. Petri, iſt Kirchen⸗
125 1832 1103 1883 und Schulrath bei der Oberamtsregierung zu Bautzen geworden.
185 1888 1297 1924 Der Prediger Thiele zu Tiezow hat von Sr. Maj. dem König von
122 1919 925 1971 Preußen den rothen Adler⸗Orden 4. Klaſſe erhalten.
189 1978 1298 2014 Der bish. Diaconus zu Waiblingen im Würtembergiſchen, M. E. F.
121 2016 1295 2059 Kling, iſt zum ordentl. Profeſſor der Theologie an der K. Heſſiſchen Uni⸗
125 2059 1301 2105 verſität zu Marburg berufen, und der bish. Privatdocent zu Leipzig, Predi⸗
191 2155 1311 2194 *) Von der Wirkſamkeit der ſtändiſchen Kirchencommiſſion im
118 2185 370 2239 nächſten Bericht.
