1354 2331
425 74 685 124 — 31 —
26 160 1077 214 nicht zu entſchuldigende Benehmen der Biſchoͤfe, welche die
26 219 1071 278 letzten Reichsfuͤrſten waren, die, nachdem ſie als Fuͤrſten pen⸗
34 283 1065 341 ſionirt worden, ſich auch als Biſchoͤfe fuͤr penſionirt anſahen;
26 349 1065 403 hierauf die lange Erledigung der biſchoͤflichen Stuͤhle, und die
27 412 1070 464 Zerſplitterung der biſchoͤflichen Rechte unter Generalvicare und
27 476 1078 525 weltliche Behoͤrden, wobei man, beſonders die Staatsgewalt,
37 539 1073 586 ſich gewoͤhnte, Biſchoͤfe fuͤr uͤberfluͤßig zu erachten; alsdann
31 598 1070 648 bei der endlichen Beſetzung der Bisthuͤmer, neben ehrenvollen
29 663 1064 713 Ausnahmen nicht immer die beſten Wahlen, mitunter darum,
37 727 1073 775 daß bei aller Achtbarkeit der Perſonen theilweiſe betagte oder
37 789 1083 839 hochbetagte Herren auf die biſchoͤflichen Stuͤhle kamen, denen
33 851 1083 898 das Alter die Kraft verſagte, und Kraft iſt eine weſentliche
34 913 1081 962 Bedingung der Achtung, oder auch ſolche, die bisdahin kirch⸗
35 977 1080 1025 lichen Geſchaͤften fremd geweſen waren. Nach Beſetzung der
48 1041 1086 1089 Bisthuͤmer die Fortdauer jener Beſchraͤnkungen der Ordina⸗
41 1105 1085 1149 riate durch weltliche Behoͤrden, welche ſich waͤhrend der lan⸗
41 1164 1094 1208 gen Sedisvakanzen gebildet hatten. Endlich, was auch die
54 1222 1088 1268 beſcheidenſten Verehrer des Episkopats ſich nicht verhehlen,
45 1284 1095 1332 ein unſicheres, ſchwankendes, furchtſames Auftreten mancher
41 1350 1095 1399 Ordinariate, welches ſie vielleicht durch die Klugheit ſich auf⸗
55 1416 1094 1463 gelegt glauben, aber doch nicht geeignet ſeyn duͤrfte, ihnen von
49 1476 1098 1525 irgend einer Seite als Verdienſt angerechnet zu werden; ſo
50 1539 1091 1588 wie auch die Beſſern und Beſten in manchen gewiß nothwen⸗
51 1603 1101 1650 digen und dringenden Einrichtungen des Verfallenen, die ober⸗
58 1666 1098 1713 hirtliche Thaͤtigkeit vermiſſen, wenn ſie ſich auch unbeſcheide⸗
54 1728 1102 1775 ner Anklagen vor dem Publicum enthalten. Setzen wir nun
57 1788 1100 1835 zu dieſen unguͤnſtigen Verhaͤltniſſen, die ſeit laͤngerer Zeit an⸗
61 1848 1100 1898 dauern, die Verſchiedenheit in der theologiſchen und kirchlichen
57 1914 1105 1962 Denkweise neben der Freiheit und oft Frechheit im Ausſpre⸗
