1354 2331
420 93 683 143 — 49 —
32 189 1077 242 den von ihnen geltend gemachten politiſchen Gruͤnden abgeaͤn⸗
26 252 1069 305 dert werden, und iſt nicht an dieſen ein großer Theil, der
21 315 1070 365 von dem Concilium beſchloſſenen Verbeſſerungen in der Aus⸗
25 378 1066 425 fuͤhrung geſcheitert? Und wie ſehr hat ſich ſeit dem ſechszehn⸗
32 440 1058 488 ten Jahrhundert der Einfluß der Politik auf kirchliche Angele⸗
34 503 1063 549 genheiten geſteigert? Aber gerade darin finde ich einen neuen
30 564 1064 609 Grund zu zweifeln, ob dieſe Politik die Abhaltung von Sy⸗
22 624 1059 672 noden geſtatten wird; ich will fuͤr gewiße Leſer eine Auctoritaͤt
23 687 1062 734 anfuͤhren, der ſie vielleicht lieber glauben als mir. Eichhorn
24 748 1070 796 in ſeinem Kirchenrecht, Bd. II. S. 9., nachdem er zuerſt
29 809 1065 858 von der Wirkſamkeit der Provincial⸗ und National⸗Concilien
22 871 1074 920 in den fruͤhern Zeiten geſprochen, faͤhrt fort: „dagegen koͤn⸗
29 933 1061 984 nen beide Inſtitute, nach der Beſchaffenheit der neueren Diſci⸗
21 998 1061 1045 plin und der jetzigen Stellung der Kirche gegen den Staat,
27 1059 1074 1108 nur ausnahmsweiſe von Nutzen ſeyn. Der roͤmiſche Stuhl
24 1122 1066 1170 unterwirft jede wahre Veraͤnderung der beſtehenden Diſciplin
18 1183 1062 1229 in einem ſolchen Umfang ſeinem Urtheil, daß er damit einer
21 1244 1065 1288 Particularkirche uͤberhaupt alle Autonomie abſpricht, und ſo⸗
20 1306 1060 1354 mit alle organiſche Geſetzgebung in Diſciplinarſachen ausſchlie⸗
21 1373 1057 1419 ßend zu einem Recht des paͤbſtlichen Primats macht. So⸗
17 1435 1059 1480 lange ſich eine Particularkirche dieſem Syſtem fuͤgen zu muͤſ⸗
22 1493 1067 1543 ſen glaubt, wird daher jede entſchiedene Veraͤnderung der be⸗
22 1555 1068 1606 ſtehenden Diſciplin immer die Mitwirkung des Pabſts erfor⸗
26 1620 1060 1669 dern. Außer dieſer iſt aber auch die Zuſtimmung des Staats
28 1682 1062 1731 nothwendig, und dadurch wird es das Einfachſte, in
24 1745 1062 1796 ſolchen Fällen lieber geradezu eine durch unmit⸗
28 1804 1060 1855 telbare Verhandlung des letztern mit dem roͤmi⸗
22 1864 1060 1920 ſchen Stuhle vorbereitete Verfuͤgung des Pabſtes,
21 1928 1061 1981 die fuͤr noͤthig erachteten Beſtimmungen einfuͤh⸗
808 2008 857 2053 4
