1354 2331
443 91 671 142 — 37 —
49 178 1089 236 Scenen uͤbergienge, wie wir ſie mit Wehmuth in manchen
50 238 1083 299 Verhandlungen unſerer ſtaͤndiſchen Kammern geſehen haben;
48 302 1089 364 und das waren doch nur Verhandlungen in weltlichen Sachen!
132 421 1094 476 12) Kommen wir nun an die Beſchluͤſſe! Mehrere
51 483 1091 537 Stimmen, die man in H. Straſſers Schrift S. 90 f. finden
54 542 1101 597 kann, haben unerfreuliche Beſchluͤſſe der Dioͤceſan⸗Synoden
58 602 1097 660 ahnend, den Grundſatz aufgeſtellt, daß die Pfarrer blos eine
54 667 1099 720 berathende Stimme haben, der Biſchof aber entſcheiden ſoll.
62 730 1110 783 Das geht aber nicht an; wenn der Biſchof bloßen Rath von
62 795 1108 846 ſeinen Geiſtlichen verlangt, ſo thut er am beſten, wenn er
57 858 1102 907 nur die, welchen er ſein Zutrauen ſchenkt, entweder ſchriftlich
61 919 1104 971 um ihre Meinung fragt, oder ſie zu einer Conferenz beruft.
68 983 1111 1033 Wenn aber eine Synode ſeyn ſoll, ſo muͤſſen Beſchluͤſſe ge⸗
64 1045 1114 1095 faßt werden, und Stimmenmehrheit muß entſcheiden. Wohl⸗
74 1109 1114 1156 gemerkt, daß nach dem katholiſchen Princip dem Biſchofe das
71 1171 1109 1218 Recht zuſteht, einzelnen Beſchluͤſſen ſeine Zuſtimmung zu ge⸗
60 1230 1118 1276 ben, oder ſie zu verwerfen, auf die Weiſe, wie in conſtitutio⸗
71 1293 1114 1340 nellen Staaten der Regent dieſes Recht in Beziehung auf die
73 1357 1113 1404 Beſchluͤſſe der Staͤnde uͤbt; denn gleichwie die vermöge der
76 1418 1116 1466 monarchiſchen Verfaſſung dem Fuͤrſten einwohnende Regierungs⸗
76 1479 1126 1529 gewalt durch Einberufung einer Staͤndeverſammlung nicht ru⸗
83 1541 1123 1591 hend gemacht, auch nicht auf dieſe uͤbergetragen oder mit ihr
80 1603 1134 1652 getheilt wird, ebenſo wenig kann dieß durch Einberufung einer
88 1666 1134 1713 Synode mit der kirchlichen Regierungsgewalt des Biſchofs ge⸗
82 1726 1138 1777 ſchehen, die nach der Grundverfaſſung dee katholiſchen Kirche
82 1787 1134 1838 (fuͤr ſeinen Bezirk) in ſeiner Person ruhet. Ich laſſe es da⸗
79 1850 1127 1900 hingeſtellt ſeyn, ob diejenigen, welche ſo laut nach Synoden
86 1912 1141 1965 rufen, und durch ſie große Dinge auszufuͤhren hoffen, hieran
