1354 2331
446 73 714 122 — 51 —
53 169 1100 226 te; hier, ſagt er, wuͤrde allerdings eine Vereinigung der Bi⸗
49 232 1099 290 ſchoͤfe auch noch jetzt der verfaſſungsmaͤßige Weg ſeyn, ihre
43 295 1093 350 Rechte feſtzuſtellen und zu vertheidigen. S. 12. Ob uͤbrigens
45 357 1089 411 der Verfaſſer dieſen Fall irgendwo fuͤr wahrſcheinlich oder
41 422 1087 472 nahe halte, daruͤber findet ſich bei ihm keine Andeutung, ich
46 483 1089 532 meinerſeits bekenne, daß ich weder das Eine noch das Andere
47 545 161 593 glaube.
130 644 1085 697 16) Setzen wir aber auch den Fall, eine Staatsregie⸗
45 706 1087 758 rung verkenne den großen Vortheil, den ihr die neuere Diſci⸗
43 770 1086 819 plin der Kirche darbietet, daß ſie uͤber neu einzufuͤhrende An⸗
41 831 1089 879 ordnungen nicht noͤthig hat, mit einer großen Verſammlung
42 893 1085 941 zu unterhandeln, und den Widerſpruch vieler oder doch man⸗
38 953 1084 1005 cher Unabhaͤngiger in derſelben zu bekaͤmpfen, ſondern es nur
46 1015 1086 1068 mit wenigen aus Abhaͤngigkeit fügſamen, der biſchoͤflichen
35 1079 1093 1131 Curie zu thun hat, — (denn das iſt es doch, was Eichhorn
46 1141 1081 1192 das Einfachſte, Angemeſſenſte und Paſſendſte für den Staat
44 1203 1084 1250 nennt) ſetzen wir alſo, daß eine Staatsregierung dieſen Vor⸗
44 1264 1078 1314 theil verkenne, oder daß ſie dem Scheine des Liberalismus
44 1329 1080 1380 zulieb einmal darauf verzichte, oder aus andern Gruͤnden,
38 1396 1073 1440 z.B. wegen der Landesverfaſſung eine Synode geſtatten muͤſ⸗
39 1456 1082 1502 ſe; kann ſie nicht alle Verhandlungen und Beſchluͤſſe derſelben
42 1515 1075 1567 entkraͤften durch das dritte, von ihr angeſprochene, und von
34 1577 1079 1631 allen neuern, ſelbſt kirchlich geſinnten Rechtslehrern ihr zuge⸗
35 1640 1077 1693 ſtandene Recht der Genehmigung, ohne welche die Be⸗
37 1704 1078 1754 ſchluͤſſe der Synoden weder in forma bekannt gemacht, noch
25 1766 1077 1813 in Vollzug geſetzt werden koͤnnen? Man braucht nicht eben
35 1827 1076 1877 anzunehmen, daß eine Regierung ruͤckſichtlich der Verweige⸗
23 1891 1073 1939 rung dieſer Genehmigung Willkühr uͤben wolle; es koͤnnten
802 1962 869 2008 4*
