2427 2856
849 547 1545 604 Inhaltsverzeichniß.
1088 764 1166 818 Seite
207 826 1179 878 Vorwort . . . . . . . 1
1223 829 2175 885 Das Wort und die Kirche. Zweiter Artikel. . 73
206 885 1170 939 Eine Litisconteſtation . . . . . 10
1227 889 2178 941 Das Wort und die Kirche. Zweiter Artikel (Schluß) 82
207 945 1170 997 Das Wort und die Kirche. Erſter Artikel. . 13
1221 952 2027 998 Das Bewußtſeyn der proteſtantiſchen Kirche uͤber
1256 1009 2027 1058 die Nothwendigkeit und Methodik des klaſſiſchen
206 1006 1155 1059 Die Streiter der Kirche Chriſti. . . . 20
204 1065 1151 1121 Das geiſtliche Prieſterthum . . . . 21
1268 1067 2190 1134 Unterrichtes. Zweiter Artikel . . . 83
1226 1131 2034 1178 Erklaͤrung einiger evangeliſch⸗lutheriſchen Geiſtlichen
207 1125 1025 1181 Der Gegenſatz des Proteſtantismus und Katholi⸗
1262 1192 2030 1241 betreffend die vom Herrn Paſtor Stephan
251 1188 1013 1245 cismus im Betreff der Lehre von der Ordination
1262 1252 2040 1303 und ſeinen Anhaͤngern veranlaßten Zerwuͤrfniſſe
249 1250 1158 1312 und dem Kirchenamte . . . . . 24
1269 1314 2184 1367 in der Saͤchſiſchen Landeskirche . . . 90
212 1317 1010 1365 Der Gegenſatz des Proteſtantismus und Katholi⸗
1223 1378 2183 1430 Die Jeſuitenfurcht . . . . . . 93
248 1377 1022 1429 cismus im Betreff der Lehre von der Ordination
243 1435 1152 1493 und dem Kirchenamte (Fortſetzung) . . 80
1227 1440 2181 1491 Die Jeſuitenfurcht. (Schluß) . . . . 109
219 1500 1014 1549 Der Gegenſatz des Proteſtantismus und Katholi⸗
1221 1502 2031 1553 Das Bewußtſeyn der proteſtantiſchen Kirche uͤber
252 1560 1013 1610 cismus im Betreff der Lehre von der Ordination
1268 1562 2034 1616 die Nothwendigkeit und Methodik des klaſſiſchen
248 1621 1161 1676 und dem Kirchenamte (Schluß) . . . 37
1271 1621 2174 1689 Unterrichtes. Dritter Artikel . . . . 102
210 1683 1167 1735 Der Ruͤckfall in den Katholicismus . . . 46
1227 1687 2039 1738 Proteſtaniſche Entgegnung auf einen Angriff in
1256 1744 2184 1812 den Triariern von Goͤrres . . . . 114
216 1746 1158 1801 Friede! Friede! und iſt doch nicht Friede . . 50
206 1807 1161 1863 Der Geiſtlichen Lob . . . . . . 52
1230 1809 2043 1861 Proteſtantiſche Entgegnung auf einen Angriff in
1259 1868 2184 1932 den Triariern von Goͤrres. (Schluß) . 118
210 1872 1155 1923 Zu vorlaͤufiger Beherzigung . . . . 52
1215 1929 2027 1982 Die Polemik der Muͤnchner hiſtoriſch⸗politiſchen
201 1931 1016 1986 Ueber die kirchliche Einſegnung der Ehen Geſchie⸗
1250 1988 2180 2049 Blaͤtter . . . . . . . 125
251 1994 1155 2054 dener . . . . . . . . 53
1215 2050 2172 2112 Die allein ſeligmachende Kirche . . . . 132
206 2059 1011 2107 Das Bewußtſeyn der proteſtantiſchen Kirche uͤber
249 2121 1007 2168 die Nothwendigkeit und Methodik des klaſſiſchen
255 2181 1203 2242 Unterrichtes. Erſter Artikel . . . . 66
2099 772 2183 821 Seite
