2367 2823
258 221 1194 273 zwiſchen Gott und Menſchen, ſeinen Tod als den
255 276 1197 326 Erwerbungsgrund alles Heils, die Rechtfertigung als
261 326 1194 378 reine Gnadenſache und den Glauben als das zurei⸗
252 377 1196 429 chende, alleinige Mittel, ſie zu erlangen, angeſehen
258 425 1208 479 hatten *); — es war alſo „die große evange⸗
251 478 1194 529 liſche Hauptlehre“ umgeſtoßen, die chriſtliche
255 527 1197 582 Heilsordnung völlig umgekehrt, und damit auch alles
258 579 1203 635 Uebrige in ein ganz falſches Verhältniß geſetzt. Was
261 633 1188 684 aber die Hauptſache iſt, dieſe irrthümlichen, der Schrift⸗
255 683 1206 737 und Kirchenlehre widerſprechenden Anſichten blieben
261 737 1200 786 nicht das Eigenthum einzelner Theologen oder Schu⸗
255 788 1197 840 len, ſondern ſie erhielten kirchliche Geltung und Auf⸗
261 839 1194 888 torität; ſie wurden kirchliche Irrlehren, wie
264 888 1194 939 dies aufs allerdeutlichſte daraus erhellt, daß ſich die
261 938 1196 990 römiſche Kirche nachmals auf dem Tridentiniſchen
261 990 1197 1041 Koncil öffentlich zu ihnen bekannt und ſie allzumal
261 1041 1191 1095 ſymboliſch feſtgeſtellt hat. — Wenn es nun der evan⸗
251 1090 1202 1148 geliſchen Kirche ſchon vermöge ihres geſunden hiſtori⸗
269 1141 1205 1196 ſchen Sinnes rein unmöglich iſt, dergleichen Erfin⸗
255 1190 1191 1248 dungen als wahrhafte Fortſchritte und organiſche Ent⸗
267 1242 1194 1299 wicklungen der ältern Kirchenlehre anzuſehen (denn
267 1293 1196 1350 wie ſollte der Widerſpruch gegen ſie ein Fortſchritt
261 1343 1205 1403 ſeyn?), wenn ſie vielmehr in dem Allen nur Entſtel⸗
255 1398 1209 1454 lungen der überkommenen Wahrheit erblicken kann:
261 1446 1205 1505 ſo iſt ihr noch weniger möglich, diejenigen mittelalter⸗
261 1498 1193 1557 lichen Lehrbeſtimmungen anzuerkennen oder ſich anzu⸗
264 1549 1203 1608 eignen, welche bereits von dem römiſchen Stuhl
269 1602 1212 1662 ſanktionirt worden waren: nämlich die Lehren
266 1656 1200 1712 der Bilderverehrung, von der Heiligenanbetung, von
263 1709 1208 1766 der Kelchentziehung (Synode zu Koſtnitz 1415), von
260 1760 1199 1817 dem Meßopfer (Later. Syn. 1215), vom Ablaß un
261 1812 1215 1868 vom überflüſſigen Schatz der guten Werke (J. 1349.
267 1861 1209 1918 Bulle unigenitus), von der unumſchränkten Macht
269 1912 1215 1970 des Pabſtes über alle geiſtliche und weltliche Gewalt.
267 1966 1209 2021 Man bedarf in der That keine große Gelehrſamkeit
266 2018 1218 2075 um einzuſehen, daß die erwähnten Lehren nicht nur
261 2069 1212 2124 überhaupt dem Geiſte des Chriſtenthums und der alten
273 2120 1215 2178 Kirche, ſondern auch ihren öffentlichen Bekenntniſſen und
273 2170 1205 2231 Synoden, zum Theil ſogar denen der römiſchen zuwi⸗
261 2225 1209 2280 der laufen: daß z. B. die Kelchentziehung die kirch⸗
321 2367 1217 2420 *) ſ. die Stellen bei Chemnitz. Examen p. 203. — wo
374 2422 1067 2470 noch viele Zeugniſſe aus andern Vätern ſtehen.
345 2561 1262 2623 Redacteur: Prof. Dr. Harleß. — Verleger: Theod.
1197 50 1242 200 80
1251 209 2195 257 liche Praxis von mehr denn tauſend Jahren gegen
1254 262 2193 310 ſich hat; daß die Bilderverehrung auf den großen
1257 310 2190 359 Kirchenverſammlungen zu Frankfurt und Paris (794
1251 359 2192 411 und 825) von der geſammten fränkiſchen Kirche mit
1251 411 2196 462 Beiſtimmung der engliſchen verworfen worden iſt;
1254 459 2202 513 daß das ganze Ablaßweſen, und alles, was damit
1250 513 2189 565 zuſammenhängt, dem ſelbſt von der römiſchen Kirche
1257 561 2202 611 recipirten Augustin'ſchen Lehrbegriff geradezu wider⸗
1263 611 2189 663 ſtreitet; daß die Beſtimmungen des Koſtnitzer und
1259 663 2199 713 Baſeler Koncils über das Verhältniß des Pabſtes zur
1259 716 2211 764 Kirche denen der Lateranſynode vom Jahre 1512 in
1259 767 2129 816 den weſentlichſten Punkten widerſprechen u. ſ. w.
1335 818 2198 870 Noch ganz abgeſehen von dem Widerſpruch mit
1254 872 2202 924 der h. Schrift muß alſo die evangeliſche Kirche ſchon
1257 921 2205 975 aus hiſtoriſchen Gründen dieſe neuen Dogmen ver⸗
1251 974 2201 1025 werfen; und es bleibt ihr demnach nichts übrig, als
1259 1022 2205 1076 mit Uebergehung des Dazwiſchenliegenden bis dahin
1265 1076 2196 1130 zurückzukehren, wo ſich die kirchliche Lehrentwicklung
1263 1124 2201 1179 von den Einflüſſen unchriſtlicher Tendenzen rein er⸗
1259 1173 2210 1231 halten hat. Dies thut ſie denn auch, wie droben
1266 1224 2198 1280 gezeigt wurde, und damit begeht ſie keinen Abfall
1256 1274 2201 1331 von der allgemeinen, chriſtlichen Kirche, ſondern ſie
1263 1326 2196 1382 ſchließt ſich mit ihr zur ſchönen, lebendi⸗
1265 1376 2208 1434 gen Einheit zuſammen. — Warum wir das
1263 1431 2202 1477 Alles hier ſagen? Antwort: Weil uns unſere neueſten
1266 1481 2199 1533 Widerſacher dazu zwingen; weil ſie unſere Kirche lä⸗
1265 1535 2204 1584 ſtern, weil ſie ihren Urſprung für einen Abfall von
1256 1584 2198 1634 der Wahrheit und Einheit, ſie ſelber für eine neuauf⸗
1266 1632 2210 1688 gekommene Sekte ausgeben, weil ſie ſich nicht ſchä⸗
1259 1683 2210 1735 men, uns in’s Angeſicht zu ſagen, Reformation und
1269 1735 2204 1787 Revolution ſeyen gleichbedeutende Dinge. Wir haben
1274 1785 2214 1841 guten, ehrlichen Frieden mit unſern katholiſchen Mit⸗
1263 1838 2204 1890 brüdern gehalten, — ſie haben ihn gebrochen; ſie haben
1266 1889 2208 1943 uns in zahlloſen Schmähſchriften angegriffen, verdäch⸗
1263 1940 2208 1994 tigt und gekränkt. Darum zeigen wir ihnen unſer gu⸗
1269 1989 2210 2048 tes Recht; und wenn’s denn doch einmal ein Abfall
1275 2040 2208 2096 ſeyn muß, den unſere Väter vor dreihundert Jahren
1272 2093 2207 2147 begangen haben ſollen, ſo mögen ſie wenigſtens hören,
1263 2145 1818 2198 was es für einer geweſen iſt.
1635 2228 1847 2268 (Schluß folgt.)
1286 2555 2154 2603 Blaͤſing. —Druck der Hilpert'ſchen Officin.
