2427 2856
143 281 1088 321 von dem Kirchendienſte, ſondern von dem Kirchen⸗
135 332 488 369 regimente ausgeübt.
219 381 1083 421 Neben dieſem Zuſammentreffen in einzelnen Punk⸗
146 432 1089 472 ten macht ſich aber freilich alsbald auch eine große und
147 480 1086 524 weſentliche Differenz bemerkbar. Die katholiſche Kirche
140 533 1079 576 legt der Ordination den Namen eines Sakramentes
140 582 1091 627 bei, die proteſtantiſche ſpricht ihr dieſen Charakter
149 635 1082 680 ab und ſieht in ihr nur den mit kirchlicher Benedik⸗
140 684 1076 732 tion (Segnung) verbundenen Vollzugsakt der ordent⸗
134 735 1082 783 lichen Berufung eines Individuums zum Kirchen⸗
140 789 1085 833 dienſt. Die katholiſche Kirche ſchreibt der Ordination
146 838 1089 886 die Kraft zu, dem Geiſte deſſen, der ſie empfängt,
134 888 1094 935 einen unvertilgbaren und unverlierbaren Charakter
141 942 1085 990 (charaeter indelebilis) einzuprägen, ſo, daß der
140 990 1095 1040 einmal ordinirte Cleriker nie wieder ein Laie werden
137 1040 1079 1092 kann; die proteſtantiſche Kirche dagegen betrachte
131 1089 1091 1143 die Eigenſchaft und das Necht, deſſen der Ordinirte
128 1139 1085 1193 theilhaftig iſt, als etwas, das, wie es nur unter
147 1191 1085 1244 gewiſſen Bedingungen und Vorausſetzungen ertheilt
141 1241 1086 1295 wird, ſo auch, wenn ſich hinſichtlich dieſer eine Täu⸗
144 1293 1089 1346 ſchung herausſtellt, wieder zurückgenommen werden
137 1346 1082 1398 kann und muß. Die katholiſche Kirche kennt ver⸗
144 1397 1089 1452 ſchiedene Stufen (ordines) des Kirchenamtes und
147 1448 1092 1503 ertheilt für jede derſelben eine beſondere Weihe; die
135 1503 1079 1553 proteſtantiſche aber nimmt jenes Amt als überall
128 1549 1079 1607 weſentlich gleich an und begnügt ſich mit einer Ordi⸗
138 1602 1079 1658 nation für alle Stufen deſſelben. Die ſogenannten
132 1655 1079 1710 niederen Weihen, welche freilich auch bei den Ka⸗
140 1707 1082 1764 tholiken nur eine Reliquie aus der kirchlichen Ver⸗
138 1760 1089 1814 gangenheit ſind, fallen bei ihr ganz weg und die
138 1811 1083 1865 ſogenannten höheren oder heiligen ſind in eine ein⸗
132 1866 1082 1918 zige zuſammengefaſſet. Ferner betrachtet die katho⸗
128 1912 1088 1970 liſche Kirche das Amt, für welches die Ordination
144 1964 1088 2021 ſtattfindet, hauptſächlich aus dem Geſichtspunkte ei⸗
137 2016 1086 2072 nes geſetzlich mittleriſchen Prieſterthums, während
138 2066 1088 2124 die, proteſtantiſche Kirche dieſe Betrachtungsweiſe
128 2115 1085 2175 als unevangeliſch entſchieden verwirft und bei ihrer
129 2168 1079 2226 Ordination beſonders den Begriff des Predigtamtes
132 2220 1076 2276 hervorhebt. Während endlich die katholiſche Kirche
143 2273 1082 2325 die Ordinationsertheilung als ein göttliches Privile⸗
134 2325 1079 2378 gium der Biſchöffe anſieht, welche ſie als Stellver⸗
143 2376 1083 2429 treter Chriſti und Nachfolger der Apoſtel, als allge⸗
140 2427 1082 2480 meine Hierarchen, von deren göttlicher Vollmacht
141 2480 1086 2532 alles Recht des Kirchendienſtes abfließt, betrachtet,
140 2533 1076 2579 leugnet die proteſtantiſche Kirche, daß durch ein gött⸗
143 2584 1076 2627 liches Geſetz (jure divino) ein ſolcher Unterſchied
141 2636 1098 2681 zwiſchen Bischöffen und Pfarrern beſteht. Sie kennt
1092 112 1152 265 25
1143 282 2088 320 keine Verfaſſung, welche der Kirche durch ein gött⸗
1145 333 2090 371 liches Geſetz vorgeſchrieben wäre, betrachtet die Ord⸗
1155 384 2093 424 nung des Kirchenregimentes als etwas der freien
1148 435 2085 475 Entwickelung Ueberlaſſenes und verwahrt ſich gegen
1154 486 2091 524 jede Verwechſelung und Vermiſchung der Kirchenord⸗
1139 537 1619 575 nung mit der Heilsordnung.
1226 588 2084 626 Wie verhalten ſich nun dieſe Differenzen zu jener
1152 639 2091 677 theilweiſen Uebereinſtimmung, welche wir oben wahr⸗
1139 690 2097 730 zunehmen glaubten? Kommt die Verſchiedenheit zu
1139 741 2097 779 dem Gemeinſamen nur hinzu und läuft ſie neben demſelben
1143 792 2084 830 nur äußerlich her, oder dringt ſie Alles modificirend
1149 843 2085 884 und anders beſtimmend in dieſes ſelbſt ein, ſo daß
1151 894 2087 934 dem gleich Lautenden auf beiden Seiten ein ganz an⸗
1143 946 2087 986 derer Sinn und eine ganz andere Bedeutung zu Theil
1145 999 2091 1036 wird? Alles genau beſehen werden wir nicht um⸗
1149 1051 2090 1090 hin können, uns für die letztere Behauptung zu er⸗
1143 1101 2081 1139 klären. Der äußeren Erſcheinung nach ließe ſich die
1148 1152 2084 1190 Differenz noch um ein Bedeutendes herabſetzen. Die pro⸗
1142 1203 2084 1244 teſtantiſche Kirche könnte es ſich in einem gewiſſen Sinne
1146 1257 2091 1294 und unter gewiſſen Bedingungen gar wohl gefallen laſ⸗
1155 1309 2081 1345 ſen, der Ordination die Namen des Sakramentes *)
1193 1451 2093 1497 *) Die Proteſtanten erklären im 7ten Art. der Apologie der
1241 1500 2094 1540 A. C. ausdrücklich, daß ſie es nicht auf einen Streit
1235 1547 2085 1588 um den Gebrauch des Wortes Sakrament abgeſehen haben.
1236 1598 2088 1635 Da dieſes Wort ein unbibliſches iſt und nicht in der
1247 1643 2094 1680 h. Schrift ſelbſt von gewiſſen heiligen Handlungen im
1242 1690 2081 1727 Gegenſatze gegen andere gebraucht wird, ſo kommt es
1239 1738 2076 1774 nur darauf an, welche Bedeutung man ihm geben, wel⸗
1236 1783 2088 1822 chen weiteren oder engeren Begriff man mit ihm verbin⸗
1242 1828 2084 1868 den will. Die proteſtantiſche Kirche verſteht unter Sa⸗
1251 1876 2097 1912 krament eine ſolche heilige Handlung, bei welcher mittelſt
1251 1921 2079 1957 des gläubigen Empfangs und Gebrauchs eines im neuem
1244 1967 2085 2001 Teſtamente vom Herrn der Kirche ſelbſt eingeſetzten und
1253 2011 2090 2047 für alle Chriſten göttlich verordneten äußerlichen oder
1242 2057 2084 2092 ſichtbaren Zeichens die für Alle beſtimmte und Allen
1238 2102 2078 2137 gleich nöthige neuteſtamentliche Gnade mitgetheilt wird.
1241 2149 2082 2183 Was ſie bei ihrem Sakramentsbegriffe urgirt, das iſt
1247 2194 2090 2230 nicht das Vorhandenſeyn eines ſichtbaren Zeichens und
1241 2241 2085 2275 einer göttlichen Gnadenverheißung überhaupt, ſondern
1248 2286 2088 2320 der beſtimmte Nachweis, daß das ſichtbare Zeichen im
1254 2333 2091 2365 neuen Teſtamente für alle Chriſten aller Zeiten göttlich
1245 2377 2082 2410 eingeſetzt und daß in Kraft dieſer göttlichen Einſetzung
1239 2423 2081 2455 und laut der Einſetzungsworte an ſeinen gläubigen Ge⸗
1248 2468 2091 2500 brauch wirklich die Mittheilung und Verſiegelung nicht
1248 2515 2091 2549 dieſer oder jener beſonderen, ſondern der allgemeinen
1244 2561 2084 2593 und eigentlichen neuteſtamentlichen Gnade, der Gnade
1253 2605 2075 2641 der Rechtfertigung, gebunden iſt. (Vergl. Chemnit
1248 2652 2088 2686 exam. decret. conc. Trid. II, p. 14.) Wie dieſer pro⸗
