2367 2823
246 231 1181 287 fehlte es bis jetzt noch, obſchon die Sache ſelbſt von
251 283 1184 340 jeher in dem Glauben der Chriſtenheit vorhanden ge⸗
252 331 1193 391 weſen war. Den Uebergang dazu hatte bereits der
246 384 1187 442 treffliche Anſelmus durch ſeine Theorie von der Ver⸗
255 436 1188 494 ſöhnungslehre gemacht; den nächſten und dringendſten
252 486 1190 548 Anlaß aber gaben die oben bezeichneten, eingeriſſenen
255 538 1191 601 kräftigen Irrthümer. Ihnen gegenüber entwickelte die
258 589 1188 653 evangeliſche Kirche aus der Schrift die Lehre von
246 637 1194 706 der Rechtfertigung allein *) aus dem Glau⸗
243 691 1185 755 ben mit einer Schärfe und Beſtimmtheit, wie es früh⸗
246 742 1197 806 erhin noch nicht geſchehen war, und erhob ſie zum
257 792 1196 859 Mittelpunkt der ganzen chriſtlichen Heilslehre; denn
249 843 1203 908 das iſt die Stelle, die ihr gebührt **). Der Akt, in dem
258 892 1199 959 dies geſchah, fällt mit ihrer Entſtehung zuſammen, und
261 943 1190 1010 darum iſt und bleibt „Rechtfertigung aus Gna⸗
261 994 1200 1061 den durch den Glauben“ der Fundamentalartikel ihres
264 1045 1203 1111 Glaubens, die Seele ihres Lebens. Aber eben damit
261 1095 1199 1165 war ihr zugleich der Schlüſſel zum tiefern Verſtänd⸗
258 1147 1196 1214 niß des Wortes gegeben und ſo konnte ſie von jenem
261 1200 1196 1265 Centrum aus bei fortgeſetzter Schriftforſchung auch
258 1249 1206 1319 die übrigen Lehren des Evangeliums, namentlich die
264 1302 1202 1367 von der Sünde, von der Heiligung, von guten Werken,
264 1354 1206 1424 durchdringen und ſelbige ſowohl nach ihrem wahren
264 1404 1208 1474 Sinn, als nach ihrem Zuſammenhang unter einander
258 1456 1206 1525 und mit dem Grundprincip klar erkennen und ſich zum
267 1507 1215 1576 vollen Verständniß bringen. Was ihr auf dieſem
258 1560 1214 1628 Wege der heilige Geiſt geoffenbart hat, das iſt in
324 1740 1214 1798 *) Mit dieſem allein hat es dieſelbe Bewandtniß wie mit
371 1789 1218 1848 jenem altkirchlichen ὁμοούσιος; es ſteht nicht in der
374 1839 1217 1887 Schrift, iſt aber der ſignifikanteſte Ausdruck für ihre
374 1900 507 1937 Meinung.
308 1945 1208 2000 **) Wie Luther durch die erfahrungsmäßige Erkenntniß die⸗
380 1990 1221 2050 ſer Lehre zum Reformator geworden iſt, das ſpricht er
374 2039 1214 2094 ſelbſt in der folgenden Stelle aus: „Hieraus, aus Röm. 1, 17
378 2084 1217 2137 habe ich dieſelbe Gerechtigkeit Gottes, in welcher der
386 2129 1221 2185 Gerechte durch Gottes Gnaden und Gaben lebt, verſtehen
375 2178 1212 2231 lernen. Hie fühlte ich alsbald, daß ich ganz neu
383 2223 1223 2275 geboren wäre, und nun gleich eine weite of⸗
380 2269 1208 2323 fene Thür, in das Paradies ſelbſt zu gehen,
378 2313 1227 2368 gefunden hätte; ſahe mir auch die liebe hei⸗
386 2360 1214 2412 lige Schrift nunmals viel anders an, denn zu⸗
375 2405 1230 2458 vor geſchehen war, lief derhalben durch die ganze Bibel
389 2453 1218 2503 und ſammelte auch in andern Worten nach dieſer Regel
383 2498 1230 2551 alle ihre Auslegung zuſammen, alſo daß Gottes Werk
387 2543 1233 2597 dieſes heiße, das Gott in uns ſelbſt wirket und alſo die
381 2589 1170 2647 andern, Gottes Heil, Gottes Herrlichkeit u. dgl.“ —
1197 55 1251 208 82
1253 213 2187 266 unſern ſymboliſchen Büchern niedergelegt, die ſich er⸗
1250 266 2189 317 gänzend und erweiternd an die Bekenntniſſe der alten
1245 323 1562 366 Kirche anſchließen.
1332 365 2198 416 Allein, auch damit hat ſie ſich einer noch weitern
1245 417 2193 468 Entwicklung keineswegs abgeſchlossen. Im Gegentheil,
1250 467 2196 518 daſſelbe Princip, dem ſie ihre Wiedererneuerung ver⸗
1254 521 2201 572 dankt, treibt ſie unabläßig vorwärts. Die heilige
1259 570 2199 623 Schrift, dieſe lautere Quelle der Wahrheit, iſt ja
1245 621 2190 675 noch lange nicht ausgeſchöpft, kann niemals ausge⸗¬
1259 671 2192 726 ſchöpft werden; denn ſie iſt ein ewig friſcher Born
1244 725 2202 779 des Lichtes und des Lebens, ein unergründliches Meer,
1257 776 2190 831 das alle Schätze der Weisheit und Erkenntniß in ſich
1257 827 2193 882 beſchließt. Die Kirche hat aus dieſem Strom des
1251 878 2205 935 Lebens getrunken, — wie ſollte ſie nun davon ſo ſatt
1262 931 2195 985 geworden ſeyn, daß ſie nicht das Bedürfniß empfände,
1254 979 2199 1034 immer reichlicher aus ſeiner Fülle zu ſchöpfen? Sie hat
1254 1029 2196 1088 an ſeinen Ufern ihren Tempel aufgebaut, — wie ſollte
1269 1080 2202 1140 ſie ſich nun mit dem Gewonnenen zufrieden geben und
1257 1133 2199 1191 ihren Lehrbegriff für ein abgeſchloſſenes Syſtem er⸗
1254 1181 2202 1241 klären, das keiner weitern Ausbildung fähig wäre?
1257 1233 2196 1293 Nein; ſie hält es gerade für ihre heiligſte Pflicht, für
1262 1283 2201 1343 ihre ſchönſte Aufgabe, mit dem anvertrauten Pfunde
1260 1337 2201 1397 zu wuchern, und die Schrift nicht nur zu bewahren,
1269 1388 2207 1448 ſondern mit treuem Fleiße ſtets gründlicher zu erfor⸗
1262 1440 2213 1499 ſchen und tiefer zu durchdringen. In dem Maaße aber,
1268 1494 2208 1550 als ihr dies gelingt, muß ſich auch ihre Einſicht in
1275 1544 2207 1604 die Wahrheit erweitern und ihr Lehrbegriff nach allen
1263 1592 2216 1655 Seiten hin vollſtändiger und reicher entfalten. — Weit
1260 1641 2207 1707 entfernt alſo, auf der begonnenen Bahn ſtill zu ſtehen
1263 1694 2213 1758 und im Stillſtand zu erſtarren, hat ſie vielmehr am
1269 1745 2207 1806 Worte das Princip des Lebens, der Bewegung, des
1262 1796 2205 1860 Fortſchritts; freilich keines ſolchen, der alles Vorhan⸗
1275 1848 2213 1908 dene ignorirte und ſich die überflüſſige Mühe nähme,
1266 1899 2208 1961 immer erſt den Grund von neuem legen oder die Gül⸗
1269 1952 2220 2015 tigkeit des Beſtehenden ausmitteln zu wollen, ſondern
1272 2003 2213 2064 eines organiſchen Fortſchritts „der den ganzen
1272 2052 2220 2115 Reichthum des bereits Gewonnenen in ſich
1275 2100 2223 2165 trägt,“ eines Fortſchritts in der Wahrheit, eines
1278 2150 2220 2214 fortgeſetzten Wachsthums an Chriſto, dem Haupte. —
1278 2205 2213 2266 Dieſem Ziel ſtrebt der Proteſtantismus entgegen, weß⸗
1278 2257 2223 2314 halb ihm auch die Pflege der Wiſſenſchaften, insbe⸗
1290 2310 2226 2367 ſondere die Sprach⸗ und Geſchichtsforſchung, ſo ſehr
1280 2361 2226 2417 am Herzen liegt. Denn die Sprachen ſind das Mittel
1281 2411 2225 2469 zum Verständniß der Schrift und die Hiſtorie zeigt
1274 2460 2229 2519 den Entwicklungsgang des Reiches Gottes in Lehre
1280 2514 2226 2570 und Leben durch alle Zeiten; die Dialektik aber, als
1274 2565 2229 2624 die Zucht des Denkens, dient ihm, die manchfaltigen
