2405 2854
1298 172 1356 213 28
350 260 1292 306 den Menſchen auf Erden, zur Verwaltung und ſakra⸗
356 311 1301 357 mentlichen Ausſpendung des reichen Schatzes der von
350 364 1296 406 ihm verdienten Gnade zu hinterlaſſen. Was den Apo⸗
350 417 1292 458 ſteln vom Herrn übergeben war,  der heilige Geiſt
347 467 1295 510 und die göttliche Vollmacht —, das gieng von ihnen
341 519 1280 561 auf ihre Nachfolger im Amte, auf die Biſchöffe über
341 569 1292 614 durch deren ununterbrochene Aufeinanderfolge es ſich
351 622 1292 665 forterbt in der Kirche bis zum Ende der Tage. Der
351 675 1290 716 geſammte Epiſcopat mit ſeinem Einheits⸗ und Mittel⸗
344 725 1283 767 punkte in dem Stuhle des Apoſtelfürſten Petrus zu Rom
348 776 1290 819 bildet einen fortwährenden Apoſtolat in der Kirche,
333 827 1290 872 deſſen Auctorität keine geringere, als die Chriſti ſelbſt iſt,
338 876 1292 923 weil er das einzig legitime Organ der Wirkſamkeit
336 926 1278 974 des Erlöſers und zur Stellvertretung deſſelben eben
345 981 1277 1025 ſo bevollmächtiget, als mit den erforderlichen beſon⸗
344 1030 1281 1075 deren Gaben ausgerüſtet iſt *). Von dieſer göttlichen
338 1080 1274 1127 Vollmacht des Epiſcopates iſt die des übrigen Clerus
339 1133 1280 1176 nur ein Ausfluß. Wie jener die höchſte Vollmacht
338 1182 1272 1227 vom Herrn hat, ſo hat dieſer ſeine Amtsbefugniß
326 1233 1280 1277 von dem Herrn nur in Verbindung mit dem Epiſco⸗
329 1287 1271 1329 pate und in demüthig gehorſamer Unterordnung unter
332 1338 1274 1380 denſelben. Vergebens beruft ſich auf klare und deut⸗
338 1389 1269 1428 liche Zeugniſſe des geſchriebenen Gotteswortes, ver⸗
336 1440 1275 1479 gebens auf das Zeugniß des heiligen Geiſtes in ſei⸗
327 1491 1275 1528 nem Herzen, wer in Glauben und der Lehre von
was er von uns fordert, hat Chriſtus ſelbſt uns an⸗
338 1543 1280 1580 der Kirchenlehre abweicht. Das Wort und der Geiſt
326 1595 1271 1632 Chriſti wirken und zeugen nach dem Syſteme des
321 1646 1269 1683 Katholicismus auf die rechte und untrügliche Weiſe
321 1697 1272 1737 nur durch das legitime Kirchenregiment, welches zur
durch geſetzliche Stellvertreter ausübt.
326 1747 1263 1786 Fortſetzung des prophetiſchen Amtes Chriſti auf Er⸗
326 1797 1262 1836 den bevollmächtiget iſt und eben darum auch das gött⸗
330 1848 1263 1892 liche Recht der authentiſchen Schriftauslegung, so
321 1898 1260 1940 wie der höchſten und letzten Entſcheidung in allen
326 1949 1275 1991 Glaubensſtreitigkeiten hat. Jeder verſündigt ſich an
323 2004 1260 2043 der von Chriſto eingeſetzten Lehrauctorität und alſo an
323 2057 1271 2094 Chriſto ſelbſt, der ſich mit ſeinem Urtheile dem Urtheile
318 2107 1269 2145 der Kirche nicht unterwerfen und die heilige Schrift
326 2159 1260 2198 in einem anderen Sinne, als die Kirche, („contra
318 2209 1262 2250 cum sensum, quem tenuit et tenet sancta mater
372 2371 1265 2408 *) Vgl. Möhler — neue Unterſuchungen der Lehrgegen⸗
414 2420 1260 2456 ſätze zwiſchen den Katholiken und Proteſtanten. S. 470.
1352 269 2297 315 ecclesia“) *) auslegen will. Vergebens ergreift
1349 320 2301 371 man im Glauben das Verdienſt, die Genugthuung
1355 371 2286 419 und das Verſöhnopfer Chriſti, wenn man dabei der
1350 421 2286 470 kirchlichen Anſtalten zur Entſündigung und Rechtfer⸗
1346 477 2285 522 tigung entbehren zu können glaubt. Chriſtus theilt
1349 528 2282 573 die Gnade, welche er den Menſchen verdient und
1340 576 2285 624 erworben hat, durch die apera operata von ihm
1334 628 2270 672 angeordneter ſakramentlicher Handlungen mit **),
1346 682 2289 727 zu deren legitimer Verwaltung er ein neues ſichtba⸗
1347 730 2277 778 res und äußerliches Prieſterthum eingeſetzt hat, wel⸗
1340 782 2282 834 ches ſein blutiges Opfer auf unblutige Weiſe immer
1350 837 2285 885 zu wiederholen und ſo ſein hohenprieſterliches Amt
1346 888 2277 938 fortzuſetzen berufen iſt ***). Vergebens wendet man ſich
1346 941 2276 987 unmittelbar an den Herrn ſelbſt mit ſeinem Schuld⸗
1343 993 2267 1038 bekenntniß und mit der gläubigen Bitte um Verge⸗
1331 1043 2276 1092 bung. Der Herr will auch ſein königliches Amt nicht
1341 1094 2280 1143 anders, als durch die von ihm Bevollmächtigten und
1328 1145 2279 1194 Beauftragten ausüben. Vor dieſen, als göttlich be⸗
1341 1196 2276 1245 ſtellten Richtern, muß man bekennen und ihrem Ur⸗
1331 1248 2267 1295 theilsſpruche muß man demüthig und gehorſam ſich
1323 1296 2268 1345 unterwerfen, wenn man bei Buße und Glauben wirk⸗
1328 1347 2276 1401 liche Vergebung der Sunden finden will †). Unge⸗
1340 1400 2262 1451 horſam gegen die Kirche kann man nicht durch Ge⸗
1328 1448 2261 1503 horſam gegen Chriſtum entſchuldigen wollen, denn
1328 1497 2267 1554 der Kirche zu gehorchen und von ihr zu vernehmen,
1322 1547 2267 1605 was er von uns fordert, hat Chriſtus ſelbſt uns an⸗
1326 1603 2261 1656 gewieſen. Chriſtus regiert die Chriſten durch das
1328 1655 2261 1707 von ihm eingeſetzte Kirchenregiment. Gehorſam gegen
1332 1706 2267 1758 dieſes iſt Gehorſam gegen Chriſtum ſelbſt, weil dieſer
1323 1756 2261 1812 ſeine Aemter nicht mehr unmittelbar ſelbſt, ſondern
1322 1811 1994 1857 durch geſetzliche Stellvertreter ausübt.
1370 1965 1766 2020 *) Conc. Trid. Sess. IV.
1343 2017 2259 2086 **) Ebendaſelbſt Sess. VI, cap. 1. und 14. can. 29 und VII.
1334 2078 2255 2144 ***) Ebendaſelbſt Sess. XXII, cap. 1 und 2. und can. 1
1415 2134 2049 2185 und 2. Sess. XXIII, cap. 1 und can. 1.
1361 2188 2172 2244 †) Ebend. Sess. XIV, cap. 2. 6. 7. can. 9. 10. 11.
1652 2251 1917 2298 (Fortſetzung folgt.)
380 2589 1574 2635 Redacteur: Prof. Dr. Harleß. — Verleger: Theod. Blaͤſing. —
1605 2595 2168 2649 Druck der Hilpert'ſchen Officin.
