2427 2856
299 252 1169 299 Damit der Verfaſſer jedoch einſtweilen wiſſe, daß
230 303 1175 353 es Ohren giebt, die ſeine bereits veröffentlichten Be⸗
224 353 1163 404 hauptungen, und ſeine künftig erſcheinenden Nachwei⸗
224 404 1169 456 ſungen nicht nur zu hören, ſondern auch zu prüfen
236 456 1178 506 im Stande ſind — ſo möge er folgende Bemerkungen
227 512 692 557 nicht ungünſtig aufnehmen.
272 557 1166 611 Ad 1) Wenn er ſeine Sache rein aus dem prote⸗
341 611 1169 657 ſtantiſchen Dogma, wie es geſchrieben ſteht
332 663 1175 706 wird beweiſen wollen, ſo kann man ganz ruhig
332 712 1170 758 zuſehen. Denn da hat er offenbar Unrecht, und
332 764 1178 809 es wird ihm nicht gelingen, aus Weiß Schwarz
327 818 518 864 zu machen.
273 867 1176 916 Ad 2) Wenn er die Iogiſchen Conſequenzen
329 915 1175 964 zu Hülfe nehmen will, ſo wird es zwar einiges
335 968 1175 1013 Hin⸗ und Herreden koſten. Es wird aber gehen,
339 1021 1184 1063 wie Theophraſtus Paracelſus ſagt: „Wenn ein
327 1070 1176 1114 Nigromant einen Baum ſetzt, ſo haut, der drein
326 1119 1182 1160 haut, ſich ſelbst.“ — Denn wir müßten wenig
335 1171 1185 1208 von dieſen Dingen verſtehen, oder es möchten
332 1221 1176 1262 die logiſchen Conſequenzen, weit bedenklicher
342 1272 1176 1314 ſeyn, die man aus des Verfaſſers Dogma ziehen
327 1323 1176 1365 könnte, wenn er anders wirklich eines hat. (Er
339 1374 1179 1419 verzeihe uns vorderhand dieſen beſcheidenen Zwei⸗
344 1427 1185 1469 fel, der aus allerley Beobachtungen aufgeſtiegen
339 1480 1182 1520 iſt, die wir, ſeinem Beiſpiel folgend, bei andrer
339 1530 896 1568 Gelegenheit mittheilen werden).
371 1579 1175 1619 Wir wollen mit unſrer treuherzigen Warnung
339 1631 1185 1673 noch etwas deutlicher ſeyn. — Warum hat der
335 1680 1175 1731 größte katholiſche Dogmatiker gelehrt, das Volk
338 1730 1172 1779 habe das Recht, die an die Obrigkeit übertra⸗
338 1782 1182 1832 gene Gewalt wieder zurückzunehmen? — Aus
341 1833 1178 1879 welcher Schrift glaubt, wohl der unbekannte
339 1885 1185 1928 Verfaſſer folgende Stelle entnommen: „wenn
345 1934 1187 1980 Könige die Gott und dem Volke Gottes gelobte
333 1991 1187 2031 Treue brechen, ſo wird umgekehrt dem Volke
341 2042 1184 2084 nicht nur erlaubt, ſondern ſogar von ihm ge⸗
350 2093 1187 2139 fordert, daß es auch ſeinerſeits auf den Befehl
333 2142 1181 2189 des Statthalters Chriſti die einen ſolchen Fürſten
338 2192 1191 2241 gelobte Treue nicht halte.“ Welche Theologen
342 2246 1190 2292 waren es, die den Mönch Jacob Element belehrten,
350 2298 1181 2342 es ſey Recht, einen Tyrannen zu morden, und
342 2348 1193 2394 ihn ſodann zum Attentat auf ſeinen eigenen
339 2397 1184 2445 König einſegneten? — War es reine Inconſe⸗
348 2447 1187 2499 quenz, daß die Sorbonne einſtimmig das Volk
344 2499 1187 2549 ſeines Eides gegen den König entband; das
345 2549 1184 2601 der römiſche Legat ſelbſt die Pariſer Bürger⸗
350 2604 1199 2652 ſchaft in der Empörung beſtärkte? War auch
1185 82 1230 235 11
1323 243 2181 291 dieß nur ein dogmatiſcher Mißgriff, daß die
1323 294 2175 342 oberſte Kirchengewalt ſolches Alles nicht nur
1323 345 2163 393 ungerügt geſchehen ließ, ſondern ſogar öffent⸗
1329 395 2118 444 lich die Bewegungen des Aufſtandes leitete? —
1325 446 2171 494 Und könnten nicht füglich unter die Reihe dog⸗
1331 497 2175 546 matiſcher Conſequenzen auch ſolche Aeuſſerungen
1319 548 2175 602 geſtellt werden, wie wir ſie kürzlich in dem
1334 599 2178 647 Pamphlet eines zwar unwiſſenden aber eifri⸗
1319 648 2165 701 gen Katholiken geleſen haben, wovon wir,
1331 702 2175 748 mit Verbeſſerung der Schreibfehler, folgende
1326 750 2174 797 Stellen wiedergeben wollen: „Wenn wir die
1331 801 2174 849 fortwährende Unterdrückungsſucht des Proteſtan⸗
1328 852 2165 902 tismus aus dem Standpunkt der Geſchichte be⸗
1332 905 2169 951 trachten, wenn wir ſehen, wie die beiſpiellos
1329 957 2175 1002 mißhandelten Irländer, trotz ihrer politiſchen
1329 1007 2171 1052 Sclaverey, ihre kirchliche Freiheit behaupteten,
1323 1059 2165 1100 wie die kleine Vendee gegen das große revolu⸗
1335 1112 2181 1155 tionäre Frankreich ankämpfte, wie das von
1329 1164 2177 1206 Holland ſowohl politiſch wie religiös mißhan⸗
1331 1217 2172 1257 delte Belgien ſich ſeine religiöſe Freiheit und
1335 1266 2178 1308 mit ihr ein beſſeres politiſches Verhältniß er⸗
1331 1317 2175 1358 kämpfte, wie die Spanier im Kampf mit dem Aka⸗
1335 1370 2180 1410 tholicismus ihre Rechte vertheidigen, ſo möchten
1334 1421 2178 1460 wir behaupten, daß nun die Reihe an die Ka⸗
1332 1472 2174 1512 tholiken Deutſchlands um ſo mehr gekommen
1337 1523 2177 1565 ſey, auch ihre religiöſe Freiheit unter Gottes
1341 1574 2172 1614 Beiſtand zu vertheidigen, da ſie ohnehin durch
1344 1625 2181 1665 die frühern revolutionären Einwirkungen ſchon
1334 1676 2181 1716 ſoviel in ihrem politiſchen und finanziellen In⸗
1338 1728 2184 1769 tereſſe verloren haben.“— „Selbst der wahre,
1335 1778 2171 1821 dem monarchiſchen Princip treuergebene Ka⸗
1338 1829 2180 1872 tholik dürfte ſich an manchen Orten in Deutſch⸗
1337 1884 2186 1924 land hingeriſſen fühlen, gleich ſeinen Brüdern
1341 1935 2181 1976 in Irland und Belgien eine Zeitlang den De⸗
1341 1985 2177 2028 magogen ſich anzuſchließen, und zur Zerſtörung
1340 2036 2189 2079 jener Regierung beizutragen, durch die er nicht
1347 2087 2181 2130 nur ſich ſelbſt, ſondern auch ſeine Kirche und
1344 2131 2163 2180 ſeinen Glauben ſo ſehr mißhandelt ſieht.“ —
1349 2186 2180 2231 Was könnte unſer unbekannter Verfaſſer Ge⸗
1346 2239 2187 2282 gründetes einzuwenden haben, wenn ein auf⸗
1338 2290 2192 2330 merkſamer Leſer beſagten Pamphlets Spuren
1344 2340 2180 2383 einer aus katholiſchen Conſequenzen ſich ent⸗
1350 2390 2180 2433 wickelnden Revolutionstheorie, in folgender
1353 2441 2189 2484 Sätzen finden, würde: „Der Revolutionär
1346 2492 2180 2537 macht einen Aufſtand, um Thron und Altar
1346 2543 2183 2589 zu ſtürzen; der Empörer erhebt ſich, um beide
1346 2594 2189 2642 zu erhalten. Die polniſchen und belgiſchen Auf⸗
