2427 2856
837 230 1627 652 Zeitschrift
1151 552 1310 663 fuͤr
209 647 2202 822 Protestantismus und Kirche.
218 917 535 1025 Den 1. Juli
1118 921 1332 1036 Nr. 1.
2000 923 2210 1033 1838.
526 1109 898 1217 Vorwort.
303 1173 1193 1274 Indem wir im Namen Gottes an ein neues
213 1256 1182 1325 Werk die Hände legen und den Zeit⸗ und Glaubens⸗
219 1312 1190 1376 genoſſen ein Organ gegenſeitiger Beſprechung und
228 1363 1182 1425 Verſtändigung über eine gemeinſame Angelegenheit
231 1416 1178 1482 bieten, wird es zuerſt Pflicht ſeyn, über unſere Grund⸗
225 1467 1191 1528 ſätze und Abſichten Rechenſchaft abzulegen. Bevor
227 1525 1184 1587 wir aber das Ziel und den Umfang unſeres Beſtrebens
221 1576 1188 1635 genauer bezeichnen, wird es paſſend ſeyn, zuerſt im
220 1629 1187 1685 Allgemeinen die Hoffnungen und Wahrnehmungen
221 1681 1175 1737 auszuſprechen, welche den Gedanken unſeres Unter⸗
215 1723 1179 1787 nehmens hervorgerufen haben, und daran zugleich
221 1771 1188 1847 Erörterungen zu knüpfen, welche ſowohl zur Ver⸗
226 1824 1180 1879 ſtändigung über unſere Stellung zu entgegengeſetzten
211 1872 1178 1951 Richtungen, als zur Beſeitigung naheliegender Vor⸗
215 1924 992 2000 urtheile und Mißdeutungen dienen mögen.
295 1949 1184 2051 Jede neu entſtehende Zeitſchrift geht aus der
213 2029 1179 2103 Vorausſetzung hervor, daß unter Mitlebenden eine
210 2083 1190 2144 geiſtige Regung und Bewegung vorhanden ſey, die
217 2133 1172 2198 einen Vereinigungspunkt zu freier Aeußerung ſucht.
215 2183 1177 2245 Ohne die Vorausſetzung eines gemeinſamen Anliegens
203 2229 1185 2285 iſt ein Unternehmen der Art zum wenigſten unwirkſam
205 2281 1180 2344 wie das Geſpräch des Einſamen in der Wüſte. Wir
216 2337 1183 2401 dagegen ſind der feſten Ueberzeugung, daß die Sache,
218 2390 1173 2464 für die wir hiemit eine Stätte der Verhandlung er⸗
204 2435 1186 2507 öffnen, vielen Herzen ein Heiligthum ſey, und daß
205 2495 1180 2549 das Wort, für dieſes Heiligthum geredet, nicht ant⸗
206 2538 1183 2609 wortlos verklingen, ſondern manchfachen Widerhall
206 2598 1180 2665 finden werde und finden müſſe. Das Heiligthum aber,
1235 1083 2192 1180 das wir meinen, iſt unſre, die proteſtantiſche
1221 1162 1391 1227 Kirche.
1304 1175 2185 1269 Die Hoffnung eines lebendigen und warmen An⸗
1226 1260 2190 1336 theils an dieſer Kirche kann dem unbegründet dünken,
1227 1319 2186 1390 welcher die Strömung des gegenwärtigen Lebens nach
1219 1370 2199 1436 dem, was auf der breiten Oberfläche ſchwimmt, zu
1225 1413 2187 1473 beurtheilen ſich gewöhnt hat. Denn da bedecken die
1221 1467 2185 1545 buntfarbigen Wimpel materieller Intereſſen faſt alle
1223 1519 2193 1583 die Flüſſe und Ströme, und was dazwiſchen von
1226 1565 2188 1631 geiſtigerer Art ſich zeigt, das zieht wie der aufge⸗
1224 1625 2187 1687 regte Schaum ebenfalls dem Kiele nach, der „Gold,
1227 1668 2196 1749 Silber, Elfenbein, Affen und Pfauen“ aus dem
1222 1725 2187 1803 fremden Lande bringt. Aber um das zu erkennen,
1215 1773 2184 1846 was eine Zeit eigentlich bewegt und worin ſie ihr
1224 1824 2186 1891 wahres Leben hat, genügt es nicht, das zu beachten,
1219 1883 2184 1942 was auf der Oberfläche ihrer Strömung ſchwimmt.
1220 1929 2194 2000 Wie aus Quellen der geheimnißvollen Tiefe kommt
1225 1984 2180 2056 ihr das Leben nur aus dem, was verborgen und un⸗
1225 2032 2187 2111 ſcheinbar iſt in den Augen der Welt, aus jener himm⸗
1220 2084 2180 2149 liſchen Kraft des Glaubens und der Liebe, in welcher
1209 2141 2184 2213 allein die Bewegung einer Zeit den Segen Gottes
1207 2189 2180 2251 und in ihm jenes Leben beſitzt, welches die Macht
1208 2236 2187 2297 wider alle unreine Gährung und Fäulniß hat und
1207 2290 2189 2367 auch dem irdiſchen Weſen Beſtand und wahres Ge⸗
1215 2332 2185 2418 deihen ſichert. Wie nun auch immer in Anderer
1209 2387 2182 2468 Augen das Bild der Gegenwart ſich abſpiegle — wir
1211 2448 2181 2500 glauben nicht blos, wir ſehen bereits etwas von
1219 2497 2181 2568 dieſem Segen des Herrn, der auf die Herzen deut⸗
1214 2541 2108 2618 ſcher Nation herniedergekommen iſt, und Viele erweckt
1202 2599 2198 2680 hat, mit ihrer Liebe ſich wieder dem Himmliſchen und
