1342 2397
624 148 205 42 Hermes

165 152 66 43 20

168 238 1103 41 Dem ſey der Fluch nicht; dein Herz iſt zu edel, doch traurige Thränen

253 285 418 38 Weinet dein Auge ihm zu.

179 329 887 41 Wer an deiner Hand der Weisheit Wege durchſchwebet,

257 380 370 37 und dir, Führer, getreu

170 426 967 34 Bleibet, der danket es deiner Bemühung; dankbare Thränen

259 472 391 35 Weinet ſein Auge dir zu.

173 516 1069 41 Doch — was ſagt dir mein Lied? Wie ein Maler die Sonne uns malet,

251 565 499 36 Klein, wie das Augeſie wähnt,

170 607 923 40 Alſo ſtammelt der Mund von großen Thaten, die du (ich

258 658 576 35 Schmeichle nicht, Edler!) vollbringſt.

174 702 873 36 Was vermag auch ein Lied, von mir zu leiſe geſungen,

255 750 395 35 Was ein höh'rer Geſang,

169 795 821 37 Da dir Edelen ſchon die Gottheit Palmen bereitet?

251 842 461 35 Stirbſt du, ſo krönt ſie dich.

238 902 1042 45 Einen andern Beweis der Dankbarkeit gaben ihm ſeine

172 954 1097 51 Zuhörer, wenn ich nicht irre, im ſelben Jahre, durch Ueber⸗

167 1010 1109 52 reichung eines freiwilligen Honorars, welches ſie durch

172 1066 1098 51 Subſcription zuſammengebracht hatten, um ihn vor drücken⸗

171 1122 1099 50 dem Mangel zu ſchützen. Seit 1806 war nämlich Münſter

169 1177 1108 49 unter die Herrſchaft der Franzoſen gerathen. Dieſe ließen

176 1230 1101 49 zwar die Univerſität beſtehen, bezahlten aber den Lehrern

182 1286 1086 48 keinen Heller Gehalt, bis ſie die Schlacht bei Leipzig ver⸗

174 1340 1100 49 loren hatten. Die meiſten Lehrer kamen dadurch in große

178 1397 1092 48 Verlegenheit, und wohl keiner mehr, als Hermes, der nur

182 1452 1100 45 einen kleinen Gehalt bezog, jedes mögliche Erſparniß aber

175 1507 1101 47 ſtets ſeiner unbemittelten Familie geſchenkt hatte. Mit vieler

178 1560 1100 47 Rührung nahm er das Geſchenk der Zuhörer an, wodurch

178 1614 1105 46 er, nach ſeinem eignen Geſtändniß, von ſchweren Sorgen

172 1670 1110 44 befreit wurde. Ein ähnlicher Beweis der Liebe und Dank⸗

177 1726 1103 46 barkeit wurde ihm bei ſeinem Abſchiede von Münſter, als

186 1783 1087 44 er nach Bonn berufen war, durch Ueberreichung eines ſchön

180 1836 1101 45 gearbeiteten ſilbernen Pokals gegeben, und ſpäter in Bonn

173 1890 1113 45 noch einmal, als ihm ſeine Zuhörer bei Gelegenheit der Gene⸗

187 1944 1090 46 ſung von einer ſchweren Krankheit ebenfalls einen ſilbernen

177 2000 1106 46 Becher überreichten. Seine Lehrerthätigkeit beſchränkte er

181 2055 1108 46 übrigens nicht auf die Vorleſungen, ſondern zu jeder Zeit

183 2112 1104 46 ſtand den Zuhörern auch der Zutritt zu ihm offen, und er
