1342 2397
536 127 278 51 Vorwort.

131 126 88 53 VIII

123 220 1103 53 haltspunkt für eine gründliche Philoſophie, eine Philo⸗

138 286 1084 51 ſophie, die nicht aus Willkür und Dichtung geboren

134 351 944 50 werden ſoll, überhaupt unmöglich machen würde.

180 417 588 47 Bonn, den 5. Auguſt 1831.

221 483 912 38 D. Achterfeldt, D. Braun, D. v. Droſte,

396 529 558 38 D. Scholz, D. Vogelſang,

157 581 1035 42 Profeſſoren an der Rheiniſchen Friedrich⸗Wilhelms⸗Univerſitaͤt.

193 675 1029 50 Vorſtehender Ankündigung gemäß laſſen wir nun hier

125 739 1102 49 das erſte Heft unſerer Zeitſchrift erſcheinen. Wir hatten

128 800 1097 52 gehofft, daß ſie ruhig neben den beſtehenden Zeitſchriften

125 866 1093 47 würde auftreten können; aber noch iſt kein Jahr nach

129 929 1098 47 dem Tode des Profeſſors Hermes verfloſſen, und ſchon

134 993 1092 48 finden wir in einigen derſelben die feindſeligſten Angriffe

133 1057 1089 50 auf ihn und ſeine Schüler und ſelbſt auf dieſes Unter⸗

126 1121 1100 50 nehmen, ehe es noch ausgeführt war, ohne daß irgend

134 1184 1094 50 etwas geſchehen wäre, was die Gegner zu ſolchen An⸗

134 1249 1088 51 griffen hatte herausfordern können. Man wundere ſich

134 1313 1092 52 daher nicht, daß wir gleich von Anfang an in kriegeri⸗

132 1377 1094 52 ſcher Haltung auftreten. Dies würde gerechtfertigt

137 1440 1089 52 ſeyn, wenn die Angriffe bloß der Sache gälten und red⸗

128 1504 1102 52 liche Angriffe wären; denn Jeder iſt ja berechtigt, ſeine

129 1565 1104 53 Meinung gegen Angriffe zu vertheidigen. Aber die An⸗

125 1628 1107 53 griffe auf die Lehren des ſeligen Hermes ſind bisher

129 1694 1108 48 durch ſo ſchreiende Verſtümmelungen und falſche Rela⸗

126 1757 1103 49 tionen vermittelt, daß Niemand an eine ſolche Polemik

137 1819 1096 49 glauben würde, wenn wir ſie nicht Schwarz auf Weiß vor

129 1882 1107 51 aller Welt vorlegen könnten; und die Angriffe auf die

127 1946 1099 48 Schüler ſind ſo hämiſch verdächtigend, daß diejenigen,

126 2010 1109 49 die dadurch betroffen wurden, geradezu gezwungen ſind,

126 2075 1110 48 ſtreitend aufzutreten, wenn ihnen an ihrer Vertheidigung
