1401 2483
314 191 740 48 Zeitschrift

639 276 66 47 für

392 428 558 51 Philoſophie

588 503 153 53 und

170 677 1018 50 katholiſche Theologie.

407 793 509 46 In Verbindung mit den Herren:

118 859 1102 35 Prof. Baltzer in Breslau, Prof. Biunde, Prof. Boner, Dom⸗

127 907 1094 35 capitular und Präſes Braun in Trier, Domcapitular und Prof.

119 952 1096 37 Brockmann in Münſter, Regierungs⸗ und Schulrath Brüggemann

121 1000 1087 34 in Coblenz, Prof. Elvenich in Breslau, Prof. Eſſer in Münſter,

127 1043 1093 36 Subregens Gau in Köln, Prof. Geſellghen in Limburg, Prof.

117 1087 1101 36 Kaufmann in Bonn, Prof. Kreuſer in Köln, D. Kutzer in

119 1132 1087 38 Breslau, Prof. G. Müller in Trier, Prof. J. Müller in Breslau,

119 1180 1093 36 Domcapitular München in Köln, Prof. Neuhaus in Münſter,

121 1228 1098 36 D. Pabſt in Wien, Propſt Regenbrecht in Königsberg, Domcapitular

120 1275 1101 38 und Prof. Ritter in Breslau, D. Ritter in Bonn, Prof. Roſen⸗

116 1321 1101 36 baum in Trier, Director Savels in Eſſen, Prof. Scheill in Brauns⸗

115 1367 1104 37 berg, Domcapitular u. Regens Schweitzer in Köln, D. Smets in Her⸗

116 1414 1100 41 ſel, Director Soekeland in Coesfeld, Prof. Welter in Münſter u. A.,

523 1480 294 49 herausgegeben von

233 1558 868 52 D. Achterfeldt, D. Braun, D. von Droste

377 1612 575 52 D. Scholz und D. Vogelſang,

181 1684 976 41 Profeſſoren an der Rheiniſchen⸗Friedrich-Wilhelms⸗Univerſitaͤt

600 1736 154 41 in Bonn.

474 1905 382 61 Erſtes Heft.

497 2072 334 47 Köln, 1832.

211 2128 915 54 Druck und Verlag von M. DuͤMont⸗Schauberg.
