1342 2397
1115 175 68 42 29

399 178 474 48 Leben und Wirken.

98 259 1084 60 ich nicht erlöſ't von der ſterblichen Hülle, die unten geblie⸗

100 315 1085 59 ben, und nicht hinaufzuſteigen vermag. Nur zum Glauben

102 369 1083 58 ward ich geführt und ſoll nun erſt hieniedrn kämpfen und

105 424 1086 58 ſiegen im Glauben. Gern will ich kämpfen, o mein Gott!

102 479 1087 55 wenn es anders noch Kampf iſt, nachdem ich Dich und mich

111 535 1082 53 und die Natur erkannt. Denn wer iſt der Feind? Wolluſt,

108 589 1085 51 Reichthum, Ehre und was noch ſonſt Ergötzliches die Erde

104 645 1089 51 bietet, ſtrebt zu ziehen meinen Willen — ha! nachdem ich

108 698 1090 52 Gott erkannt! — daß ich tauſche für den Schein die Wirk⸗

110 755 1094 52 lichkeit, für den Ekel die Liebe. Zu unterjochen mich, den

114 813 1086 49 der Glaube frei gemacht, ringt bald lockend, bald ſchreckend

110 870 1096 47 die Natur, die unter meinen Füßen liegt. Nein, das iſt kein

117 925 1085 49 Kampf! Nur die Sehnſucht nach Dir hilf Du, o Gott, mir

116 981 1052 47 tragen! (Fortſetzung folgt.)

300 1092 715 43 Ueber den Begriff der Philoſophie.

634 1155 82 40 Von

356 1227 618 45 Profeſſor D. Biunde in Trier.

634 1280 78 52 1.

195 1359 1026 43 Es iſt eine ſehr bekannte Thatſache, daß derjenige Zweig

138 1413 1088 41 des menſchlichen Wiſſens, welcher unter dem Namen der

135 1468 1084 41 Philoſophie von jeher ſo außerordentliche Wichtigkeit

138 1524 1088 42 hatte, auch von jeher die verſchiedentlichſte Ausbildung er⸗

139 1578 1082 43 hielt, die verſchiedenſten Richtungen einſchlug, und in jeder

137 1628 1092 47 dieſer verſchiedenen Richtungen zu ſo verſchiedenen Anſichten

143 1681 1090 50 und Syſtemen des Wiſſens fortgeleitet wurde, daß man mit

143 1730 1090 58 Recht erſchrickt, wenn man eine jener Richtungen auch nur

152 1787 1078 53 hiſtoriſch auf eine kurze Strecke verfolgt und überall auf ſo

146 1842 1084 56 verſchiedene und entgegengeſetzte Abwege geräth. Bei allen

148 1901 1087 52 dieſen zahlloſen Veränderungen und Verſchiedenheiten des

151 1957 1091 51 Inhaltes, denen keine andere Wiſſenſchaft der Philoſophie

154 2012 1092 52 ein Beiſpiel zur Seite ſtellen kann, behauptet ſich dennoch

149 2068 1094 51 dieſe Wiſſenſchaft ſowohl für die verſchiedenen Leiſtungen

155 2127 1089 48 derſelben Zeit, als für verſchiedene Zeiten und deren Leiſtun⸗
