1342 2397
150 168 92 44 XII

566 171 275 46 Inhalt.

140 257 1017 41 IV. Ueber die Verdienſte des Hrn. Conſiſtorialraths und Profeſſors

234 310 927 41 D. Auguſt Tholuck um die Schrifterklärung. Ein Send⸗

231 365 931 39 ſchreiben an ihn und ein Beitrag zur wiſſenſchaftlichen

231 417 931 39 Erklärung des Briefes Pauli an die Römer, von D. Carl

229 471 926 39 Friedrich Auguſt Fritzſche, Profeſſor der Theologie

227 524 934 39 in Roſtock. Halle, in der Gebauer'ſchen Buchdruckerei, 1831.

233 577 1006 40 VI u. 150 S. 8. . . . . . . . . . . . . 173

153 629 1005 42 V. Wird Baiern dekatholiſirt werden? Eine Frage, veran⸗

229 683 937 41 laßt durch den baieriſchen Landtag, beantwortet von Georg

221 740 934 41 Joſeph Götz. Ingolſtadt, gedruckt bei Aloys Attenkover,

230 794 1009 43 1831. 39 S. 8. . .  .  .  . .  .  . . . . . . 178

152 848 1002 37 VI. Kraftvoller Nachruf von des Hagenſchießes waldumgränzten

227 901 929 38 Höhen über die Hauptquellen des Pietismus unſerer Zeit;

226 953 928 40 aufgeweckt durch einen im Jänner 1831 geſchehenen Roth⸗

230 1004 932 44 ſchrei der ſieben neuen Glaubensprediger in den Land⸗Diö⸗

223 1059 929 45 zeſen Karlsruhe ꝛc. Nebſt einer Abhandlung über den Reli⸗

226 1111 935 48 gions⸗Indifferentismus unſerer Zeit. Von Martin Rieſte⸗

221 1164 924 47 rer, katholiſchem Pfarrer zu Mühlhauſen a. d. Würm.

223 1217 926 45 Karlsruhe und Baden, Marr'ſche Buch- und Kunſthand⸗

220 1273 1017 44 lung, 1831. 127 S. 8. . . .  . . . . . . . . 185

302 1331 927 48 C. Miscellen u. Correſpondenz-Nachrichten. 188

299 1405 940 45 D. Erzdiözeſe Köln . . . . . . . . . 219

430 1945 516 51 Berichtigung.

206 2030 1032 40 Seite 184, Zeile 8 von unten ſtatt: in der Satzung, lies: an

135 2076 301 33 den Satzungen.
