1342 2397
1148 151 20 46 V

493 149 281 51 Vorwort.

87 244 1097 53 den verſchiedenartigſten Geſtalten täglich darbietet, in

92 308 1082 54 einer ſolchen Zeit glaubten die Herausgeber und Mitar⸗

88 372 1087 52 beiter, die ſich offen als Freunde ihrer Kirche bekennen,

90 435 1091 54 und von denen mehrere als Kämpfer zur Vertheidigung

89 499 1086 52 derſelben durch quellenmäßige und wiſſenſchaftliche Dar⸗

93 564 1085 50 ſtellung ihrer Lehren und Einrichtungen, ſo wie durch

92 628 1096 50 ruhige und ernſte Abweiſung des Irrthums und der

86 692 1099 50 Entſtellung die Waffen der Rede ergreifen wollen, nicht

82 758 1096 50 ohne die Hauptwaffe auftreten zu dürfen, welche jetzt

84 822 1090 49 wie früher vielfach gegen dieſe Kirche feindſelig gerichtet

81 886 1090 50 wird. Daher die Eigenthümlichkeit ihres Unternehmens,

81 950 1093 50 daß es die Philoſophie ausdrücklich als Gegenſtand

77 1015 1099 47 der Bearbeitung mit aufnimmt und ankündigt. Die

73 1075 1107 47 meiſten Mitarbeiter bekennen ſich nun unverholen zur

94 1139 1084 52 Philoſophie des jüngſt verſtorbenen unerſetzlichen Leh⸗

79 1205 1094 49 rers an der Rheiniſchen Friedrich⸗Wilhelms⸗Univerſität⸗

82 1272 1096 47 G. Hermes, und das Publicum wird, ſo hoffen ſie, den

82 1334 1104 49 Geiſt, der in den Schriften dieſes in Wahrheit großen

86 1396 1084 50 Philoſophen und Theologen wehet, auch in der angekün⸗

75 1463 1099 48 digten Zeitſchrift nicht ganz vermiſſen. Aber ſie ſind

77 1525 1101 49 gleichwohl Philoſophen genug, um auch andern Anſich⸗

80 1589 1098 52 ten in ihrem Blatte das Wort zu gönnen, wenn nur die

81 1656 1093 46 Darſteller derſelben die unſtreitig billige Forderung ach⸗

81 1719 1096 47 ten, nicht gerade als Feinde des ganzen Inſtitutes auf⸗

90 1779 1080 52 zutreten *). Auch nehmen ſie die Philoſophie in dem

136 1911 1042 34 *) Sie werden daher auch angemeſſene Beiträge von Auswärtigen

166 1950 858 36 aufnehmen und per Bogen mit 10 Thalern honoriren.

204 1989 966 37 Schriften, worüber Recenſionen gewünſcht werden, erſuchen

163 2030 1012 37 ſie portofrei oder auf dem Wege des Buchhandels an den Ver⸗

164 2070 1011 40 leger zu ſchicken, Correſpondenzen dagegen an die Redaction

164 2115 158 33 zu richten.
