1343 2397
1126 167 52 44 19

389 169 490 45 Leben und Wirken.

96 254 1088 46 ſich der Mühe lohnte, in ſeinen Vorträgen wiſſenſchaftlich

97 309 1091 47 würdigte. Durch manche dankbare Anerkennung ſeines heil⸗

95 366 1081 45 ſamen Lehrereinfluſſes wurde er hinreichend entſchädigt. Nur

95 419 1086 48 ein Beiſpiel hiervon in einem Gedichte, welches ein Unge⸗

101 474 1089 47 nannter ihm am 18. Auguſt 1812 an ſeine Thür befeſtigt hatte:

247 536 803 46 Dem gefeierten Hermes, als Nachklang.

105 590 1010 51 Nein — ich halte mich nicht; ich muß mit ſtammelndem Munde,

186 643 348 44 Edler Vater! (verzeih,

98 681 944 53 Daß ich Vater dich nenne, der du deine Schüler ſo liebeſt)

186 736 390 42 Edler Vater! mein Herz

103 775 928 52 Dir ausgießen. Mein ſanfteres Lied als ſchmeichelnde Lieder

180 829 436 41 Sey dir, Hermes, geweiht!

101 864 953 55 Wie wenn in dunkler Nacht der Wandrer einſam umherirrt,

194 925 425 38 Und das Ziel nicht erreicht,

106 957 944 53 Wie alsdann der Mond aus nächtlichen Wolken hervortritt,

188 1017 451 33 Und ihm die Wege zum Ziel

111 1052 976 48 Weit erleuchtet, ſo leuchtet auch mir deine Sprache zum Ziele

191 1104 308 35 Göttlicher Religion;

114 1149 866 44 Mir, der ich einſam vorher, ein Zweifler, irrige Wege

193 1201 299 37 Ohne Ruhe betrat.

114 1245 816 44 Dank dir, Philoſoph! Du haſt die Kantiſchen Fehle

202 1299 462 36 Schon des Schleiers beraubt,

116 1339 961 45 Der des Menſchen denkenden Geiſt betäubte. — So glänzte

192 1391 466 36 Dieſer Schleier dem Wahn. —

118 1439 948 35 Jetzt liegt der Schleier des Wahns; die geſchleierten Fehle

192 1485 438 36 Liegen dem Auge jetzt bloß.

111 1534 1039 35 Dank, du der Weisheit Liebling, ſey dir! — Ich grübelte, irrte,

202 1579 346 35 Ach, tiefdenkend allein

120 1625 920 36 Im Labyrinthe des Zweifels; jemehr ich wallte, je tiefer

198 1669 491 37 Ward ich im Irrgang verwirrt.

122 1712 979 43 Du haſt mir den Faden gedreht — ich entkam. Der Erlöſer

195 1759 417 36 Iſt nun Erlöſer auch mir.

122 1808 968 37 Dem du mich zurück haſt geführt, dem ſey mein Gebet auch,

202 1854 429 35 Würdiger Lehrer, für dich! —

122 1903 809 39 Lebe, wie du bis jetzo gelebt, dein Leben zu Ende,

212 1948 423 39 Sey der Jünglinge Schutz!

119 1995 892 37 Wer an deiner Hand der Weisheit Wege durchſchwebet,

201 2041 417 41 und dich, Führer, verläßt,

119 2091 1103 40 Dem ſey Fluch! — Doch, nein! ich beleidigte dich, wenn ich wähnte,

206 2132 590 48 Daß du mit Fluchen dich rächteſt —
