<?xml version="1.0" encoding="UTF-8" standalone="yes"?>
<PcGts xmlns="http://schema.primaresearch.org/PAGE/gts/pagecontent/2013-07-15" xmlns:xsi="http://www.w3.org/2001/XMLSchema-instance" xsi:schemaLocation="http://schema.primaresearch.org/PAGE/gts/pagecontent/2013-07-15 http://schema.primaresearch.org/PAGE/gts/pagecontent/2013-07-15/pagecontent.xsd">
    <Metadata>
        <Creator>prov=University of Rostock/Institute of Mathematics/CITlab|PLANET AI GmbH/Gundram Leifert/gundram.leifert@planet-ai.de:name=Noscemus GM 3.0(htr_id=26395)::::v=2.6.7
prov=University of Rostock/Institute of Mathematics/CITlab|PLANET AI GmbH/Tobias Gruening/tobias.gruening@planet-ai.de:name=de.uros.citlab.module.baseline2polygon.B2PSeamMultiOriented:v=2.6.7
prov=University of Rostock/Institute of Mathematics/CITlab|PLANET AI GmbH/Tobias Gruening/tobias.gruening@planet-ai.de:name=/net_tf/LA73_249_0mod360.pb:de.uros.citlab.segmentation.CITlab_LA_ML:v=2.6.6
Transkribus</Creator>
        <Created>2020-11-23T14:11:25.947+01:00</Created>
        <LastChange>2021-05-11T09:55:19.887+02:00</LastChange>
        <TranskribusMetadata docId="543314" pageId="22811458" pageNr="18" tsid="57719129" status="GT" userId="68000" imgUrl="https://files.transkribus.eu/Get?id=OVUIBNEKEZKWLUEXSXGHKYQT&amp;fileType=view" xmlUrl="https://files.transkribus.eu/Get?id=ONLIFGSJCXTHTHNTFJQDBSXN" imageId="17787077"/>
    </Metadata>
    <Page imageFilename="thlblb_1866_00253.tif" imageWidth="2222" imageHeight="3058">
        <ReadingOrder>
            <OrderedGroup id="ro_1626327771844" caption="Regions reading order">
                <RegionRefIndexed index="0" regionRef="TextRegion_1619014035065_660"/>
                <RegionRefIndexed index="1" regionRef="TextRegion_1619014023054_651"/>
                <RegionRefIndexed index="2" regionRef="TextRegion_1619014029692_656"/>
            </OrderedGroup>
        </ReadingOrder>
        <TextRegion orientation="0.0" id="TextRegion_1619014035065_660" custom="readingOrder {index:0;}">
            <Coords points="59,65 1101,65 2162,78 2162,124 1127,124 59,120"/>
            <TextLine id="r1l1" custom="readingOrder {index:0;}">
                <Coords points="95,98 122,99 149,104 149,71 122,66 95,65"/>
                <Baseline points="95,87 122,88 149,93"/>
                <TextEquiv>
                    <Unicode>487</Unicode>
                </TextEquiv>
            </TextLine>
            <TextLine id="line_1619014066252_668" custom="readingOrder {index:1;} textStyle {offset:9; length:28;fontSize:0.0; kerning:0; bold:true;}">
                <Coords points="623,70 799,70 1044,73 1485,79 1564,81 1590,82 1617,84 1617,114 907,109 673,107 623,103"/>
                <Baseline points="623,92 648,94 673,96 698,96 724,95 749,93 774,93 799,92 825,93 852,95 879,97 907,98 934,98 962,97 989,96 1017,95 1044,95 1072,96 1100,99 1143,98 1169,99 1195,99 1222,99 1248,99 1274,99 1301,99 1327,99 1353,99 1380,99 1406,99 1432,99 1459,99 1485,99 1511,101 1538,101 1564,101 1590,102 1617,104"/>
                <TextEquiv>
                    <Unicode>Nr. 15 — Theologiſches Literaturblatt — 1866.</Unicode>
                </TextEquiv>
            </TextLine>
            <TextLine id="r2l2" custom="readingOrder {index:2;}">
                <Coords points="2088,111 2122,114 2157,114 2157,84 2122,84 2088,81"/>
                <Baseline points="2088,101 2122,104 2157,104"/>
                <TextEquiv>
                    <Unicode>488</Unicode>
                </TextEquiv>
            </TextLine>
            <TextEquiv>
                <Unicode>487
Nr. 15 — Theologiſches Literaturblatt — 1866.
488</Unicode>
            </TextEquiv>
        </TextRegion>
        <TextRegion orientation="0.0" id="TextRegion_1619014023054_651" custom="readingOrder {index:1;}">
            <Coords points="59,120 1101,120 1101,2997 59,2997"/>
            <TextLine id="r1l4" custom="readingOrder {index:0;}">
                <Coords points="87,195 139,196 192,198 244,199 297,199 349,201 402,201 455,201 507,201 560,201 612,201 665,201 717,201 770,202 823,202 875,202 928,202 980,204 1033,204 1102,205 1102,175 1033,174 980,174 928,172 875,172 823,172 770,172 717,171 665,171 612,171 560,171 507,171 455,171 402,171 349,171 297,169 244,169 192,168 139,166 87,165"/>
                <Baseline points="87,185 139,186 192,188 244,189 297,189 349,191 402,191 455,191 507,191 560,191 612,191 665,191 717,191 770,192 823,192 875,192 928,192 980,194 1033,194 1103,200"/>
                <TextEquiv>
                    <Unicode>tullian) citirt B. ein Monument aus der Mitte des 6. Jahrh.,</Unicode>
                </TextEquiv>
            </TextLine>
            <TextLine id="r1l5" custom="readingOrder {index:1;}">
                <Coords points="93,238 143,240 193,241 244,241 294,243 345,243 395,243 445,244 496,244 546,244 597,244 647,244 697,244 748,244 798,244 849,246 899,246 949,246 1000,247 1050,247 1101,249 1101,219 1050,217 1000,217 949,216 899,216 849,216 798,214 748,214 697,214 647,214 597,214 546,214 496,214 445,214 395,213 345,213 294,213 244,211 193,211 143,210 93,208"/>
                <Baseline points="93,228 143,230 193,231 244,231 294,233 345,233 395,233 445,234 496,234 546,234 597,234 647,234 697,234 748,234 798,234 849,236 899,236 949,236 1000,237 1050,237 1101,239"/>
                <TextEquiv>
                    <Unicode>das bei der Reſtauration der Kathedrale von Peſaro entdeckt</Unicode>
                </TextEquiv>
            </TextLine>
            <TextLine id="line_1619014071602_672" custom="readingOrder {index:2;}">
                <Coords points="95,252 207,252 919,257 1086,260 1086,291 1058,292 1030,292 509,288 95,283"/>
                <Baseline points="95,273 132,273 170,273 207,273 245,274 283,275 320,275 358,275 396,276 433,276 471,276 509,278 546,278 584,278 622,278 659,278 697,278 735,278 772,278 810,278 848,278 864,278 891,278 919,278 947,279 975,280 1002,281 1030,282 1058,282 1086,281"/>
                <TextEquiv>
                    <Unicode>wurde (Bullet. dell’ Instituto 1851, S. 203.) Man liest auf</Unicode>
                </TextEquiv>
            </TextLine>
            <TextLine id="r1l8" custom="readingOrder {index:3;}">
                <Coords points="77,325 102,327 128,328 154,330 179,330 205,330 231,330 256,330 282,330 308,331 308,300 282,299 256,299 231,299 205,299 179,299 154,299 128,297 102,296 77,294"/>
                <Baseline points="77,315 102,317 128,318 154,320 179,320 205,320 231,320 256,320 282,320 308,321"/>
                <TextEquiv>
                    <Unicode>einem Moſaik:</Unicode>
                </TextEquiv>
            </TextLine>
            <TextLine id="r1l9" custom="readingOrder {index:4;}">
                <Coords points="491,379 518,378 545,378 572,379 599,379 626,381 653,381 680,382 708,381 708,351 680,352 653,351 626,351 599,349 572,349 545,348 518,348 491,349"/>
                <Baseline points="491,369 518,368 545,368 572,369 599,369 626,371 653,371 680,372 708,371"/>
                <TextEquiv>
                    <Unicode>E HO N TO</Unicode>
                </TextEquiv>
            </TextLine>
            <TextLine id="r1l10" custom="readingOrder {index:5;}">
                <Coords points="497,421 525,420 554,421 582,422 611,423 639,423 668,421 668,391 639,393 611,393 582,392 554,391 525,390 497,391"/>
                <Baseline points="497,411 525,410 554,411 582,412 611,413 639,413 668,411"/>
                <TextEquiv>
                    <Unicode>TVS MEDI</Unicode>
                </TextEquiv>
            </TextLine>
            <TextLine id="r1l11" custom="readingOrder {index:6;}">
                <Coords points="484,463 532,462 560,465 588,466 616,466 644,465 672,465 701,466 701,436 672,435 644,435 616,436 588,436 560,435 532,432 484,433"/>
                <Baseline points="494,458 531,458 560,455 588,456 616,456 644,455 672,455 701,456"/>
                <TextEquiv>
                    <Unicode>VS SED PIS</Unicode>
                </TextEquiv>
            </TextLine>
            <TextLine id="r1l12" custom="readingOrder {index:7;}">
                <Coords points="486,508 524,508 550,508 576,507 603,507 629,508 655,508 681,508 708,508 708,477 681,477 655,477 629,477 603,476 576,476 550,477 524,477 486,477"/>
                <Baseline points="498,501 524,498 550,498 576,497 603,497 629,498 655,498 681,498 708,498"/>
                <TextEquiv>
                    <Unicode>CIS AB IMO</Unicode>
                </TextEquiv>
            </TextLine>
            <TextLine id="r1l13" custom="readingOrder {index:8;}">
                <Coords points="84,549 134,550 184,550 234,552 284,552 334,552 384,552 434,552 484,552 534,552 585,552 635,552 685,552 735,552 785,552 835,552 885,552 935,552 985,553 1035,553 1086,555 1086,525 1035,523 985,523 935,522 885,522 835,522 785,522 735,522 685,522 635,522 585,522 534,522 484,522 434,522 384,522 334,522 284,522 234,522 184,520 134,520 84,519"/>
                <Baseline points="84,539 134,540 184,540 234,542 284,542 334,542 384,542 434,542 484,542 534,542 585,542 635,542 685,542 735,542 785,542 835,542 885,542 935,542 985,543 1035,543 1086,545"/>
                <TextEquiv>
                    <Unicode>Est homo non totus medius, sed piscis ab imo, wozu ein</Unicode>
                </TextEquiv>
            </TextLine>
            <TextLine id="r1l14" custom="readingOrder {index:9;}">
                <Coords points="86,594 136,594 186,594 236,594 287,595 337,595 387,595 437,595 488,595 538,595 588,595 638,595 689,595 739,595 789,595 839,595 890,597 940,597 990,597 1040,598 1091,600 1091,570 1040,568 990,567 940,567 890,567 839,565 789,565 739,565 689,565 638,565 588,565 538,565 488,565 437,565 387,565 337,565 287,565 236,564 186,564 136,564 86,564"/>
                <Baseline points="86,584 136,584 186,584 236,584 287,585 337,585 387,585 437,585 488,585 538,585 588,585 638,585 689,585 739,585 789,585 839,585 890,587 940,587 990,587 1040,588 1091,590"/>
                <TextEquiv>
                    <Unicode>Weſen mit menſchlichem Oberleib, nach unten aber in einen Fiſch</Unicode>
                </TextEquiv>
            </TextLine>
            <TextLine id="r1l15" custom="readingOrder {index:10;}">
                <Coords points="77,634 127,636 177,636 227,637 278,637 328,637 378,637 428,637 479,637 529,637 579,637 629,637 680,637 730,639 780,639 830,639 881,639 931,640 981,642 1031,642 1082,643 1082,613 1031,612 981,612 931,610 881,609 830,609 780,609 730,609 680,607 629,607 579,607 529,607 479,607 428,607 378,607 328,607 278,607 227,607 177,606 127,606 77,604"/>
                <Baseline points="77,624 127,626 177,626 227,627 278,627 328,627 378,627 428,627 479,627 529,627 579,627 629,627 680,627 730,629 780,629 830,629 881,629 931,630 981,632 1031,632 1082,633"/>
                <TextEquiv>
                    <Unicode>ausgehend, dargeſtellt iſt. Eine ähnliche Darſtellung wird als</Unicode>
                </TextEquiv>
            </TextLine>
            <TextLine id="r1l16" custom="readingOrder {index:11;}">
                <Coords points="86,679 135,679 185,679 234,679 284,681 333,681 383,681 432,681 482,681 531,681 581,681 630,682 680,682 729,682 779,682 828,683 878,684 927,684 977,685 1026,685 1102,685 1102,655 1026,655 977,655 927,654 878,654 828,653 779,652 729,652 680,652 630,652 581,651 531,651 482,651 432,651 383,651 333,651 284,651 234,649 185,649 135,649 86,649"/>
                <Baseline points="86,669 135,669 185,669 234,669 284,671 333,671 383,671 432,671 482,671 531,671 581,671 630,672 680,672 729,672 779,672 828,673 878,674 927,674 977,675 1026,675 1093,677"/>
                <TextEquiv>
                    <Unicode>in der Taufkapelle zu S. Marco in Venedig befindlich ange⸗</Unicode>
                </TextEquiv>
            </TextLine>
            <TextLine id="r1l17" custom="readingOrder {index:12;}">
                <Coords points="78,723 147,723 197,723 247,723 296,723 346,723 396,723 445,723 495,724 545,724 595,724 644,726 694,726 744,726 793,726 843,727 893,727 942,727 992,727 1042,727 1092,727 1092,696 1042,696 992,696 942,696 893,696 843,696 793,695 744,695 694,695 644,695 595,693 545,693 495,693 445,692 396,692 346,692 296,692 247,692 197,692 147,692 78,692"/>
                <Baseline points="81,716 147,713 197,713 247,713 296,713 346,713 396,713 445,713 495,714 545,714 595,714 644,716 694,716 744,716 793,716 843,717 893,717 942,717 992,717 1042,717 1092,717"/>
                <TextEquiv>
                    <Unicode>führt; dagegen blieb dem Verf. unbekannt, daß in dem Speculum</Unicode>
                </TextEquiv>
            </TextLine>
            <TextLine id="r1l18" custom="readingOrder {index:13;}">
                <Coords points="89,765 138,765 188,765 238,765 288,765 338,765 387,766 437,766 487,766 537,766 587,768 636,768 686,768 736,769 786,769 836,769 885,771 935,771 985,771 1035,771 1085,772 1085,742 1035,741 985,741 935,741 885,741 836,739 786,739 736,739 686,738 636,738 587,738 537,736 487,736 437,736 387,736 338,735 288,735 238,735 188,735 138,735 89,735"/>
                <Baseline points="89,755 138,755 188,755 238,755 288,755 338,755 387,756 437,756 487,756 537,756 587,758 636,758 686,758 736,759 786,759 836,759 885,761 935,761 985,761 1035,761 1085,762"/>
                <TextEquiv>
                    <Unicode>humanae salvationis aus Benedictbeuern, jetzt in München, ein</Unicode>
                </TextEquiv>
            </TextLine>
            <TextLine id="r1l19" custom="readingOrder {index:14;}">
                <Coords points="77,808 127,808 178,808 228,808 279,808 330,808 380,808 431,810 481,810 532,811 583,811 633,811 684,813 734,813 785,813 836,814 886,814 937,814 987,814 1038,813 1089,813 1089,783 1038,783 987,784 937,784 886,784 836,784 785,783 734,783 684,783 633,781 583,781 532,781 481,780 431,780 380,778 330,778 279,778 228,778 178,778 127,778 77,778"/>
                <Baseline points="77,798 127,798 178,798 228,798 279,798 330,798 380,798 431,800 481,800 532,801 583,801 633,801 684,803 734,803 785,803 836,804 886,804 937,804 987,804 1038,803 1089,803"/>
                <TextEquiv>
                    <Unicode>Bild des keuſchen Joſeph ſich findet, der unten in einen Fiſchleib</Unicode>
                </TextEquiv>
            </TextLine>
            <TextLine id="line_1619014315923_714" custom="readingOrder {index:15;}">
                <Coords points="81,822 278,822 1086,826 1086,856 1041,859 871,858 81,852"/>
                <Baseline points="81,842 130,842 179,842 229,842 278,842 328,843 377,843 426,843 476,844 525,845 575,845 624,846 674,846 723,846 772,846 822,846 871,848 921,848 970,846 1020,846 1041,849 1086,846"/>
                <TextEquiv>
                    <Unicode>endigt, während die Verſuchung daneben als Schlange ſteht. E.</Unicode>
                </TextEquiv>
            </TextLine>
            <TextLine id="r1l22" custom="readingOrder {index:16;}">
                <Coords points="84,894 134,894 184,895 234,895 285,895 335,897 385,897 435,897 486,898 536,898 586,898 636,898 687,900 737,900 787,900 837,900 888,900 938,898 988,898 1038,897 1089,897 1089,867 1038,867 988,868 938,868 888,870 837,870 787,870 737,870 687,870 636,868 586,868 536,868 486,868 435,867 385,867 335,867 285,865 234,865 184,865 134,864 84,864"/>
                <Baseline points="84,884 134,884 184,885 234,885 285,885 335,887 385,887 435,887 486,888 536,888 586,888 636,888 687,890 737,890 787,890 837,890 888,890 938,888 988,888 1038,887 1089,887"/>
                <TextEquiv>
                    <Unicode>Förſter, deutſche Kunſt I 197, will in dem Fiſchleibe Joſephs nur</Unicode>
                </TextEquiv>
            </TextLine>
            <TextLine id="r1l23" custom="readingOrder {index:17;}">
                <Coords points="84,936 133,936 183,937 232,937 282,939 332,939 381,940 431,940 481,940 530,940 580,940 630,942 679,942 729,942 779,942 828,942 878,942 928,940 977,940 1027,940 1103,939 1103,909 1027,910 977,910 928,910 878,912 828,912 779,912 729,912 679,912 630,912 580,910 530,910 481,910 431,910 381,910 332,909 282,909 232,907 183,907 133,906 84,906"/>
                <Baseline points="84,926 133,926 183,927 232,927 282,929 332,929 381,930 431,930 481,930 530,930 580,930 630,932 679,932 729,932 779,932 828,932 878,932 928,930 977,930 1027,930 1092,932"/>
                <TextEquiv>
                    <Unicode>die kalte Fiſchnatur der Keuſchheit ſymboliſirt ſehen, was aller⸗</Unicode>
                </TextEquiv>
            </TextLine>
            <TextLine id="r1l24" custom="readingOrder {index:18;}">
                <Coords points="72,978 122,978 173,979 224,981 275,981 326,982 377,982 427,982 478,984 529,984 580,984 631,984 682,984 733,985 783,985 834,985 885,985 936,985 987,984 1038,984 1089,984 1089,954 1038,954 987,954 936,955 885,955 834,955 783,955 733,955 682,954 631,954 580,954 529,954 478,954 427,952 377,952 326,952 275,951 224,951 173,949 122,948 72,948"/>
                <Baseline points="72,968 122,968 173,969 224,971 275,971 326,972 377,972 427,972 478,974 529,974 580,974 631,974 682,974 733,975 783,975 834,975 885,975 936,975 987,974 1038,974 1089,974"/>
                <TextEquiv>
                    <Unicode>dings nicht im Geiſte mittelalterlicher Symbolik gedacht iſt. „Der</Unicode>
                </TextEquiv>
            </TextLine>
            <TextLine id="r1l25" custom="readingOrder {index:19;}">
                <Coords points="78,1023 128,1023 179,1024 229,1024 280,1025 331,1026 381,1026 432,1026 483,1026 533,1027 584,1027 635,1027 685,1027 736,1027 787,1027 837,1027 888,1027 939,1027 989,1027 1040,1027 1091,1029 1091,999 1040,997 989,997 939,997 888,997 837,997 787,997 736,997 685,997 635,997 584,997 533,997 483,996 432,996 381,996 331,996 280,995 229,994 179,994 128,993 78,993"/>
                <Baseline points="78,1013 128,1013 179,1014 229,1014 280,1015 331,1016 381,1016 432,1016 483,1016 533,1017 584,1017 635,1017 685,1017 736,1017 787,1017 837,1017 888,1017 939,1017 989,1017 1040,1017 1091,1019"/>
                <TextEquiv>
                    <Unicode>Fiſch bedeutet auch hier nur die im reinen Elemente lebende Seele</Unicode>
                </TextEquiv>
            </TextLine>
            <TextLine id="r1l26" custom="readingOrder {index:20;}">
                <Coords points="77,1065 127,1066 177,1066 227,1066 277,1068 327,1068 377,1069 427,1069 477,1069 527,1071 578,1071 628,1071 678,1071 728,1072 778,1072 828,1072 878,1072 928,1072 978,1072 1028,1072 1079,1072 1079,1041 1028,1041 978,1041 928,1041 878,1041 828,1041 778,1041 728,1041 678,1040 628,1040 578,1040 527,1040 477,1038 427,1038 377,1038 327,1037 277,1037 227,1035 177,1035 127,1035 77,1034"/>
                <Baseline points="77,1055 127,1056 177,1056 227,1056 277,1058 327,1058 377,1059 427,1059 477,1059 527,1061 578,1061 628,1061 678,1061 728,1062 778,1062 828,1062 878,1062 928,1062 978,1062 1028,1062 1079,1062"/>
                <TextEquiv>
                    <Unicode>und eignet ſich zum Sinnbild für Joſeph, weil dieſer als Vor⸗</Unicode>
                </TextEquiv>
            </TextLine>
            <TextLine id="r1l27" custom="readingOrder {index:21;}">
                <Coords points="87,1110 121,1110 155,1110 190,1110 224,1110 258,1110 293,1111 327,1111 361,1111 396,1113 430,1113 464,1114 499,1114 533,1114 567,1116 602,1116 636,1116 670,1116 705,1116 739,1116 774,1114 774,1084 739,1086 705,1086 670,1086 636,1086 602,1086 567,1086 533,1084 499,1084 464,1084 430,1083 396,1083 361,1081 327,1081 293,1081 258,1080 224,1080 190,1080 155,1080 121,1080 87,1080"/>
                <Baseline points="87,1100 121,1100 155,1100 190,1100 224,1100 258,1100 293,1101 327,1101 361,1101 396,1103 430,1103 464,1104 499,1104 533,1104 567,1106 602,1106 636,1106 670,1106 705,1106 739,1106 774,1104"/>
                <TextEquiv>
                    <Unicode>bild Chriſti galt.” Menzel a. a. O. 290.</Unicode>
                </TextEquiv>
            </TextLine>
            <TextLine id="r1l28" custom="readingOrder {index:22;}">
                <Coords points="132,1152 179,1153 226,1153 273,1154 321,1155 368,1155 415,1155 462,1156 510,1156 557,1156 604,1158 651,1158 699,1158 746,1158 793,1159 840,1159 888,1159 935,1159 982,1159 1029,1159 1077,1159 1077,1129 1029,1129 982,1129 935,1129 888,1129 840,1129 793,1129 746,1128 699,1128 651,1128 604,1128 557,1126 510,1126 462,1126 415,1125 368,1125 321,1125 273,1124 226,1123 179,1123 132,1122"/>
                <Baseline points="132,1142 179,1143 226,1143 273,1144 321,1145 368,1145 415,1145 462,1146 510,1146 557,1146 604,1148 651,1148 699,1148 746,1148 793,1149 840,1149 888,1149 935,1149 982,1149 1029,1149 1077,1149"/>
                <TextEquiv>
                    <Unicode>Ein beſonderer Vorzug dieſer Monographie ſind die zahlreichen,</Unicode>
                </TextEquiv>
            </TextLine>
            <TextLine id="r1l29" custom="readingOrder {index:23;}">
                <Coords points="74,1197 124,1197 174,1197 224,1197 275,1198 325,1198 375,1198 425,1198 476,1200 526,1200 576,1200 626,1201 677,1201 727,1201 777,1203 827,1203 878,1203 928,1203 978,1203 1028,1203 1079,1203 1079,1173 1028,1173 978,1173 928,1173 878,1173 827,1173 777,1173 727,1171 677,1171 626,1171 576,1170 526,1170 476,1170 425,1168 375,1168 325,1168 275,1168 224,1167 174,1167 124,1167 74,1167"/>
                <Baseline points="74,1187 124,1187 174,1187 224,1187 275,1188 325,1188 375,1188 425,1188 476,1190 526,1190 576,1190 626,1191 677,1191 727,1191 777,1193 827,1193 878,1193 928,1193 978,1193 1028,1193 1079,1193"/>
                <TextEquiv>
                    <Unicode>recht gut ausgeführten Holzſchnitte und Facſimilien von Inſchriften</Unicode>
                </TextEquiv>
            </TextLine>
            <TextLine id="r1l30" custom="readingOrder {index:24;}">
                <Coords points="80,1242 129,1240 179,1240 229,1240 278,1240 328,1240 378,1242 427,1242 477,1242 527,1243 577,1243 626,1244 676,1245 726,1245 775,1245 825,1246 875,1246 924,1245 974,1245 1024,1245 1074,1243 1074,1213 1024,1215 974,1215 924,1215 875,1216 825,1216 775,1215 726,1215 676,1215 626,1214 577,1213 527,1213 477,1212 427,1212 378,1212 328,1210 278,1210 229,1210 179,1210 129,1210 80,1212"/>
                <Baseline points="80,1232 129,1230 179,1230 229,1230 278,1230 328,1230 378,1232 427,1232 477,1232 527,1233 577,1233 626,1234 676,1235 726,1235 775,1235 825,1236 875,1236 924,1235 974,1235 1024,1235 1074,1233"/>
                <TextEquiv>
                    <Unicode>u. ſ. f., was um ſo dankenswerther erſcheint, als der Preis des</Unicode>
                </TextEquiv>
            </TextLine>
            <TextLine id="r1l31" custom="readingOrder {index:25;}">
                <Coords points="83,1282 133,1282 183,1284 233,1284 283,1285 333,1285 383,1285 433,1286 483,1287 533,1287 583,1287 633,1287 683,1287 733,1288 783,1288 833,1288 883,1288 933,1288 983,1288 1033,1287 1083,1287 1083,1257 1033,1257 983,1258 933,1258 883,1258 833,1258 783,1258 733,1258 683,1257 633,1257 583,1257 533,1257 483,1257 433,1256 383,1255 333,1255 283,1255 233,1254 183,1254 133,1252 83,1252"/>
                <Baseline points="83,1272 133,1272 183,1274 233,1274 283,1275 333,1275 383,1275 433,1276 483,1277 533,1277 583,1277 633,1277 683,1277 733,1278 783,1278 833,1278 883,1278 933,1278 983,1278 1033,1277 1083,1277"/>
                <TextEquiv>
                    <Unicode>Buches gleichwohl ſo billig geblieben iſt. Die Ausſtattung iſt</Unicode>
                </TextEquiv>
            </TextLine>
            <TextLine id="r1l32" custom="readingOrder {index:26;}">
                <Coords points="77,1324 127,1326 177,1326 227,1326 277,1326 327,1327 377,1327 428,1328 478,1329 528,1329 578,1330 628,1330 678,1330 728,1332 779,1332 829,1332 879,1332 929,1332 979,1330 1029,1330 1080,1329 1080,1299 1029,1300 979,1300 929,1302 879,1302 829,1302 779,1302 728,1302 678,1300 628,1300 578,1300 528,1299 478,1299 428,1298 377,1297 327,1297 277,1296 227,1296 177,1296 127,1296 77,1294"/>
                <Baseline points="77,1314 127,1316 177,1316 227,1316 277,1316 327,1317 377,1317 428,1318 478,1319 528,1319 578,1320 628,1320 678,1320 728,1322 779,1322 829,1322 879,1322 929,1322 979,1320 1029,1320 1080,1319"/>
                <TextEquiv>
                    <Unicode>überhaupt glänzend; nur hätte auf die Correctur der Druckfehler</Unicode>
                </TextEquiv>
            </TextLine>
            <TextLine id="r1l33" custom="readingOrder {index:27;}">
                <Coords points="84,1371 133,1369 183,1371 232,1371 282,1371 332,1371 381,1371 431,1372 481,1372 530,1372 580,1374 630,1374 679,1374 729,1374 779,1374 828,1375 878,1375 928,1375 977,1374 1027,1374 1077,1374 1077,1344 1027,1344 977,1344 928,1345 878,1345 828,1345 779,1344 729,1344 679,1344 630,1344 580,1344 530,1342 481,1342 431,1342 381,1341 332,1341 282,1341 232,1341 183,1341 133,1339 84,1341"/>
                <Baseline points="84,1361 133,1359 183,1361 232,1361 282,1361 332,1361 381,1361 431,1362 481,1362 530,1362 580,1364 630,1364 679,1364 729,1364 779,1364 828,1365 878,1365 928,1365 977,1364 1027,1364 1077,1364"/>
                <TextEquiv>
                    <Unicode>größere Sorgfalt verwendet werden können. Die Diction des</Unicode>
                </TextEquiv>
            </TextLine>
            <TextLine id="r1l34" custom="readingOrder {index:28;}">
                <Coords points="77,1413 127,1413 177,1413 227,1414 277,1414 327,1414 377,1414 427,1416 477,1416 527,1416 577,1416 627,1417 677,1417 727,1417 777,1417 827,1417 877,1417 927,1417 977,1417 1027,1416 1077,1416 1077,1386 1027,1386 977,1387 927,1387 877,1387 827,1387 777,1387 727,1387 677,1387 627,1387 577,1386 527,1386 477,1386 427,1386 377,1384 327,1384 277,1384 227,1384 177,1383 127,1383 77,1383"/>
                <Baseline points="77,1403 127,1403 177,1403 227,1404 277,1404 327,1404 377,1404 427,1406 477,1406 527,1406 577,1406 627,1407 677,1407 727,1407 777,1407 827,1407 877,1407 927,1407 977,1407 1027,1406 1077,1406"/>
                <TextEquiv>
                    <Unicode>Verf. iſt fließend und angemeſſen, wenn auch einige Unebenheiten</Unicode>
                </TextEquiv>
            </TextLine>
            <TextLine id="r1l35" custom="readingOrder {index:29;}">
                <Coords points="68,1456 118,1456 169,1456 220,1458 271,1458 321,1458 372,1458 423,1459 474,1459 524,1459 575,1459 626,1459 677,1461 727,1461 778,1461 829,1461 880,1461 930,1461 981,1461 1032,1461 1083,1461 1083,1430 1032,1430 981,1430 930,1430 880,1430 829,1430 778,1430 727,1430 677,1430 626,1428 575,1428 524,1428 474,1428 423,1428 372,1427 321,1427 271,1427 220,1427 169,1425 118,1425 68,1425"/>
                <Baseline points="68,1446 118,1446 169,1446 220,1448 271,1448 321,1448 372,1448 423,1449 474,1449 524,1449 575,1449 626,1449 677,1451 727,1451 778,1451 829,1451 880,1451 930,1451 981,1451 1032,1451 1083,1451"/>
                <TextEquiv>
                    <Unicode>einlaufen, die bei längerer Führung der Feder auswachſen werden.</Unicode>
                </TextEquiv>
            </TextLine>
            <TextLine id="line_1619014078475_676" custom="readingOrder {index:30;}">
                <Coords points="156,1478 181,1477 231,1476 257,1476 993,1480 993,1513 939,1514 620,1514 156,1511"/>
                <Baseline points="156,1500 181,1499 206,1499 231,1498 257,1498 282,1499 307,1499 332,1499 358,1499 383,1500 408,1500 434,1499 620,1503 646,1503 673,1502 699,1502 726,1502 753,1502 779,1502 806,1502 833,1502 859,1502 886,1503 913,1503 939,1503 966,1502 993,1502"/>
                <TextEquiv>
                    <Unicode>Pfalzel bei Trier. Franz Xav. Kraus.</Unicode>
                </TextEquiv>
            </TextLine>
            <TextLine id="r1l38" custom="readingOrder {index:31;} textStyle {offset:0; length:9;fontSize:0.0; kerning:0; bold:true;}">
                <Coords points="477,1642 503,1643 529,1643 555,1644 582,1645 608,1645 634,1645 660,1645 687,1645 687,1612 660,1612 634,1612 608,1612 582,1612 555,1611 529,1610 503,1610 477,1609"/>
                <Baseline points="477,1631 503,1632 529,1632 555,1633 582,1634 608,1634 634,1634 660,1634 687,1634"/>
                <TextEquiv>
                    <Unicode>Liturgik.</Unicode>
                </TextEquiv>
            </TextLine>
            <TextLine id="r1l39" custom="readingOrder {index:32;} textStyle {offset:0; length:15;fontSize:0.0; kerning:0; bold:true;}">
                <Coords points="77,1719 126,1719 176,1720 225,1720 275,1720 325,1720 374,1721 424,1722 474,1722 523,1722 573,1722 623,1722 672,1722 722,1722 772,1722 821,1721 871,1720 921,1720 970,1719 1020,1717 1088,1718 1088,1688 1020,1687 970,1689 921,1690 871,1690 821,1691 772,1692 722,1692 672,1692 623,1692 573,1692 523,1692 474,1692 424,1692 374,1691 325,1690 275,1690 225,1690 176,1690 126,1689 77,1689"/>
                <Baseline points="77,1709 126,1709 176,1710 225,1710 275,1710 325,1710 374,1711 424,1712 474,1712 523,1712 573,1712 623,1712 672,1712 722,1712 772,1712 821,1711 871,1710 921,1710 970,1709 1020,1707 1086,1711"/>
                <TextEquiv>
                    <Unicode>Missale romanum etc. in quo Missae novissimae accu-</Unicode>
                </TextEquiv>
            </TextLine>
            <TextLine id="r1l40" custom="readingOrder {index:33;}">
                <Coords points="110,1756 158,1756 206,1756 254,1756 302,1758 351,1758 399,1758 447,1758 495,1759 543,1759 592,1759 640,1759 688,1761 736,1761 784,1761 833,1761 881,1759 929,1759 977,1759 1025,1758 1074,1756 1074,1726 1025,1728 977,1729 929,1729 881,1729 833,1731 784,1731 736,1731 688,1731 640,1729 592,1729 543,1729 495,1729 447,1728 399,1728 351,1728 302,1728 254,1726 206,1726 158,1726 110,1726"/>
                <Baseline points="110,1746 158,1746 206,1746 254,1746 302,1748 351,1748 399,1748 447,1748 495,1749 543,1749 592,1749 640,1749 688,1751 736,1751 784,1751 833,1751 881,1749 929,1749 977,1749 1025,1748 1074,1746"/>
                <TextEquiv>
                    <Unicode>rate sunt dispositae. Campoduni ex typographia Koeseliana.</Unicode>
                </TextEquiv>
            </TextLine>
            <TextLine id="r1l41" custom="readingOrder {index:34;}">
                <Coords points="114,1791 139,1793 164,1794 189,1794 214,1795 239,1795 264,1795 289,1795 315,1794 340,1794 365,1794 390,1794 415,1794 440,1794 465,1794 491,1795 491,1765 465,1764 440,1764 415,1764 390,1764 365,1764 340,1764 315,1764 289,1765 264,1765 239,1765 214,1765 189,1764 164,1764 139,1763 114,1761"/>
                <Baseline points="114,1781 139,1783 164,1784 189,1784 214,1785 239,1785 264,1785 289,1785 315,1784 340,1784 365,1784 390,1784 415,1784 440,1784 465,1784 491,1785"/>
                <TextEquiv>
                    <Unicode>MDCCCLXV. 6½, Thlr.</Unicode>
                </TextEquiv>
            </TextLine>
            <TextLine id="r1l42" custom="readingOrder {index:35;} textStyle {offset:50; length:4;italic:true; fontSize:0.0; kerning:0;}">
                <Coords points="105,1875 153,1875 202,1875 251,1875 300,1875 348,1875 397,1875 446,1876 495,1876 543,1876 592,1876 641,1876 690,1876 738,1876 787,1876 836,1876 885,1876 933,1876 982,1876 1031,1876 1080,1875 1080,1844 1031,1845 982,1845 933,1845 885,1845 836,1845 787,1845 738,1845 690,1845 641,1845 592,1845 543,1845 495,1845 446,1845 397,1844 348,1844 300,1844 251,1844 202,1844 153,1844 105,1844"/>
                <Baseline points="105,1865 153,1865 202,1865 251,1865 300,1865 348,1865 397,1865 446,1866 495,1866 543,1866 592,1866 641,1866 690,1866 738,1866 787,1866 836,1866 885,1866 933,1866 982,1866 1031,1866 1080,1865"/>
                <TextEquiv>
                    <Unicode>Miſſalien in unſerm Sinn des Wortes oder Missalia ple-</Unicode>
                </TextEquiv>
            </TextLine>
            <TextLine id="r1l43" custom="readingOrder {index:36;} textStyle {offset:0; length:5;italic:true; fontSize:0.0; kerning:0;}">
                <Coords points="77,1918 129,1918 182,1918 234,1918 287,1918 339,1918 392,1918 445,1918 497,1920 550,1920 602,1920 655,1920 707,1921 760,1921 813,1921 865,1921 918,1920 970,1920 1023,1920 1076,1918 1076,1888 1023,1890 970,1890 918,1890 865,1891 813,1891 760,1891 707,1891 655,1890 602,1890 550,1890 497,1890 445,1888 392,1888 339,1888 287,1888 234,1888 182,1888 129,1888 77,1888"/>
                <Baseline points="77,1908 129,1908 182,1908 234,1908 287,1908 339,1908 392,1908 445,1908 497,1910 550,1910 602,1910 655,1910 707,1911 760,1911 813,1911 865,1911 918,1910 970,1910 1023,1910 1076,1908"/>
                <TextEquiv>
                    <Unicode>naria gab es bekanntlich im chriſtlichen Alterthum und ſelbſt</Unicode>
                </TextEquiv>
            </TextLine>
            <TextLine id="r1l44" custom="readingOrder {index:37;}">
                <Coords points="63,1960 125,1960 175,1960 225,1962 275,1962 325,1962 375,1962 425,1962 475,1962 525,1963 576,1963 626,1963 676,1963 726,1963 776,1963 826,1963 876,1963 926,1963 976,1963 1026,1962 1077,1962 1077,1932 1026,1932 976,1933 926,1933 876,1933 826,1933 776,1933 726,1933 676,1933 626,1933 576,1933 525,1933 475,1932 425,1932 375,1932 325,1932 275,1932 225,1932 175,1930 125,1930 63,1930"/>
                <Baseline points="75,1950 125,1950 175,1950 225,1952 275,1952 325,1952 375,1952 425,1952 475,1952 525,1953 576,1953 626,1953 676,1953 726,1953 776,1953 826,1953 876,1953 926,1953 976,1953 1026,1952 1077,1952"/>
                <TextEquiv>
                    <Unicode>im frühern Mittelalter noch nicht. Erſt ſeit dem 11. Jahr⸗</Unicode>
                </TextEquiv>
            </TextLine>
            <TextLine id="r1l45" custom="readingOrder {index:38;}">
                <Coords points="65,2002 115,2002 165,2004 215,2004 265,2004 315,2004 365,2004 416,2004 466,2005 516,2005 566,2005 616,2005 666,2005 716,2005 767,2005 817,2005 867,2005 917,2005 967,2005 1017,2005 1068,2005 1068,1975 1017,1975 967,1975 917,1975 867,1975 817,1975 767,1975 716,1975 666,1975 616,1975 566,1975 516,1975 466,1975 416,1974 365,1974 315,1974 265,1974 215,1974 165,1974 115,1972 65,1972"/>
                <Baseline points="65,1992 115,1992 165,1994 215,1994 265,1994 315,1994 365,1994 416,1994 466,1995 516,1995 566,1995 616,1995 666,1995 716,1995 767,1995 817,1995 867,1995 917,1995 967,1995 1017,1995 1068,1995"/>
                <TextEquiv>
                    <Unicode>hundert wurde es nach und nach üblich, die früher in verſchie⸗</Unicode>
                </TextEquiv>
            </TextLine>
            <TextLine id="r1l46" custom="readingOrder {index:39;}">
                <Coords points="77,2046 126,2046 176,2046 226,2046 276,2046 326,2046 376,2047 425,2047 475,2047 525,2047 575,2047 625,2049 675,2049 725,2049 774,2049 824,2049 874,2049 924,2049 974,2049 1024,2049 1074,2049 1074,2019 1024,2019 974,2019 924,2019 874,2019 824,2019 774,2019 725,2019 675,2019 625,2019 575,2017 525,2017 475,2017 425,2017 376,2017 326,2016 276,2016 226,2016 176,2016 126,2016 77,2016"/>
                <Baseline points="77,2036 126,2036 176,2036 226,2036 276,2036 326,2036 376,2037 425,2037 475,2037 525,2037 575,2037 625,2039 675,2039 725,2039 774,2039 824,2039 874,2039 924,2039 974,2039 1024,2039 1074,2039"/>
                <TextEquiv>
                    <Unicode>denen Büchern (Sacramentarium, Lectionarium und Antiphona⸗</Unicode>
                </TextEquiv>
            </TextLine>
            <TextLine id="r1l47" custom="readingOrder {index:40;}">
                <Coords points="72,2088 121,2088 171,2088 221,2089 271,2089 321,2089 370,2089 420,2091 470,2091 520,2091 570,2091 619,2091 669,2091 719,2092 769,2092 819,2092 868,2092 918,2092 968,2092 1018,2091 1068,2091 1068,2061 1018,2061 968,2062 918,2062 868,2062 819,2062 769,2062 719,2062 669,2061 619,2061 570,2061 520,2061 470,2061 420,2061 370,2059 321,2059 271,2059 221,2059 171,2058 121,2058 72,2058"/>
                <Baseline points="72,2078 121,2078 171,2078 221,2079 271,2079 321,2079 370,2079 420,2081 470,2081 520,2081 570,2081 619,2081 669,2081 719,2082 769,2082 819,2082 868,2082 918,2082 968,2082 1018,2081 1068,2081"/>
                <TextEquiv>
                    <Unicode>rium) enthaltenen Beſtandtheile der Meßliturgie in Ein Buch</Unicode>
                </TextEquiv>
            </TextLine>
            <TextLine id="r1l48" custom="readingOrder {index:41;}">
                <Coords points="65,2134 115,2133 165,2133 215,2131 265,2131 315,2131 365,2131 416,2131 466,2133 516,2133 566,2133 616,2133 666,2134 716,2134 767,2134 817,2136 867,2136 917,2136 967,2136 1017,2134 1068,2134 1068,2104 1017,2104 967,2106 917,2106 867,2106 817,2106 767,2104 716,2104 666,2104 616,2103 566,2103 516,2103 466,2103 416,2101 365,2101 315,2101 265,2101 215,2101 165,2103 115,2103 65,2104"/>
                <Baseline points="65,2124 115,2123 165,2123 215,2121 265,2121 315,2121 365,2121 416,2121 466,2123 516,2123 566,2123 616,2123 666,2124 716,2124 767,2124 817,2126 867,2126 917,2126 967,2126 1017,2124 1068,2124"/>
                <TextEquiv>
                    <Unicode>zuſammenzufaſſen, und dieſes Buch Missale plenarium, auch</Unicode>
                </TextEquiv>
            </TextLine>
            <TextLine id="r1l49" custom="readingOrder {index:42;}">
                <Coords points="62,2175 114,2175 167,2175 219,2175 272,2175 324,2175 377,2175 430,2175 482,2175 535,2175 587,2175 640,2176 692,2176 745,2176 798,2176 850,2178 903,2178 955,2178 1008,2179 1081,2179 1081,2149 1008,2149 955,2148 903,2148 850,2148 798,2146 745,2146 692,2146 640,2146 587,2145 535,2145 482,2145 430,2145 377,2145 324,2145 272,2145 219,2145 167,2145 114,2145 62,2145"/>
                <Baseline points="62,2165 114,2165 167,2165 219,2165 272,2165 324,2165 377,2165 430,2165 482,2165 535,2165 587,2165 640,2166 692,2166 745,2166 798,2166 850,2168 903,2168 955,2168 1008,2169 1072,2171"/>
                <TextEquiv>
                    <Unicode>kurzweg Missale zu nennen. — Voll Ehrfurcht gegen die litur⸗</Unicode>
                </TextEquiv>
            </TextLine>
            <TextLine id="r1l50" custom="readingOrder {index:43;}">
                <Coords points="75,2220 125,2218 175,2218 225,2218 276,2217 326,2217 376,2217 426,2217 477,2218 527,2218 577,2218 627,2218 678,2220 728,2220 778,2220 828,2220 879,2221 929,2221 979,2221 1029,2221 1080,2221 1080,2191 1029,2191 979,2191 929,2191 879,2191 828,2190 778,2190 728,2190 678,2190 627,2188 577,2188 527,2188 477,2188 426,2187 376,2187 326,2187 276,2187 225,2188 175,2188 125,2188 75,2190"/>
                <Baseline points="75,2210 125,2208 175,2208 225,2208 276,2207 326,2207 376,2207 426,2207 477,2208 527,2208 577,2208 627,2208 678,2210 728,2210 778,2210 828,2210 879,2211 929,2211 979,2211 1029,2211 1080,2211"/>
                <TextEquiv>
                    <Unicode>giſchen Handlungen glaubte man von jeher und durch das ganze</Unicode>
                </TextEquiv>
            </TextLine>
            <TextLine id="r1l51" custom="readingOrder {index:44;}">
                <Coords points="77,2260 129,2260 182,2259 234,2259 287,2259 339,2259 392,2259 445,2259 497,2260 550,2260 602,2260 655,2260 707,2260 760,2262 813,2262 865,2262 918,2262 970,2263 1023,2263 1076,2263 1076,2233 1023,2233 970,2233 918,2232 865,2232 813,2232 760,2232 707,2230 655,2230 602,2230 550,2230 497,2230 445,2229 392,2229 339,2229 287,2229 234,2229 182,2229 129,2230 77,2230"/>
                <Baseline points="77,2250 129,2250 182,2249 234,2249 287,2249 339,2249 392,2249 445,2249 497,2250 550,2250 602,2250 655,2250 707,2250 760,2252 813,2252 865,2252 918,2252 970,2253 1023,2253 1076,2253"/>
                <TextEquiv>
                    <Unicode>Mittelalter herab auch die liturgiſchen Bücher durch prachtvolle</Unicode>
                </TextEquiv>
            </TextLine>
            <TextLine id="r1l52" custom="readingOrder {index:45;}">
                <Coords points="77,2304 126,2304 176,2303 226,2302 276,2302 326,2302 375,2304 425,2304 475,2304 525,2304 575,2304 624,2304 674,2305 724,2305 774,2305 824,2305 873,2307 923,2307 973,2307 1023,2307 1073,2307 1073,2277 1023,2277 973,2277 923,2277 873,2277 824,2275 774,2275 724,2275 674,2275 624,2274 575,2274 525,2274 475,2274 425,2274 375,2274 326,2272 276,2272 226,2272 176,2273 126,2274 77,2274"/>
                <Baseline points="77,2294 126,2294 176,2293 226,2292 276,2292 326,2292 375,2294 425,2294 475,2294 525,2294 575,2294 624,2294 674,2295 724,2295 774,2295 824,2295 873,2297 923,2297 973,2297 1023,2297 1073,2297"/>
                <TextEquiv>
                    <Unicode>Schrift, Bilderſchmuck, koſtbaren, kunſtvollen Einband und ſorg⸗</Unicode>
                </TextEquiv>
            </TextLine>
            <TextLine id="r1l53" custom="readingOrder {index:46;}">
                <Coords points="56,2343 135,2344 184,2346 233,2346 282,2346 331,2347 380,2347 429,2346 478,2346 527,2346 576,2346 625,2346 674,2346 723,2346 772,2346 821,2346 870,2347 919,2347 968,2349 1017,2350 1067,2352 1067,2322 1017,2320 968,2319 919,2317 870,2317 821,2316 772,2316 723,2316 674,2316 625,2316 576,2316 527,2316 478,2316 429,2316 380,2317 331,2317 282,2316 233,2316 184,2316 135,2314 56,2313"/>
                <Baseline points="68,2342 136,2342 184,2336 233,2336 282,2336 331,2337 380,2337 429,2336 478,2336 527,2336 576,2336 625,2336 674,2336 723,2336 772,2336 821,2336 870,2337 919,2337 968,2339 1017,2340 1067,2342"/>
                <TextEquiv>
                    <Unicode>ſame Aufbewahrung vor allen andern Büchern auszeichnen und</Unicode>
                </TextEquiv>
            </TextLine>
            <TextLine id="r1l54" custom="readingOrder {index:47;}">
                <Coords points="68,2389 117,2389 167,2391 217,2391 267,2391 317,2391 367,2391 416,2391 466,2391 516,2390 566,2389 616,2389 666,2389 716,2389 765,2389 815,2389 865,2391 915,2391 965,2392 1015,2392 1065,2394 1065,2364 1015,2362 965,2362 915,2361 865,2361 815,2359 765,2359 716,2359 666,2359 616,2359 566,2359 516,2360 466,2361 416,2361 367,2361 317,2361 267,2361 217,2361 167,2361 117,2359 68,2359"/>
                <Baseline points="68,2379 117,2379 167,2381 217,2381 267,2381 317,2381 367,2381 416,2381 466,2381 516,2380 566,2379 616,2379 666,2379 716,2379 765,2379 815,2379 865,2381 915,2381 965,2382 1015,2382 1065,2384"/>
                <TextEquiv>
                    <Unicode>ihnen ſo das Gepräge des Heiligen aufdrücken zu müſſen; die auf</Unicode>
                </TextEquiv>
            </TextLine>
            <TextLine id="r1l55" custom="readingOrder {index:48;}">
                <Coords points="65,2431 115,2433 166,2433 217,2434 268,2434 318,2434 369,2434 420,2433 471,2433 521,2433 572,2433 623,2433 674,2433 724,2431 775,2431 826,2433 877,2433 927,2433 978,2434 1029,2435 1080,2436 1080,2406 1029,2405 978,2404 927,2403 877,2403 826,2403 775,2401 724,2401 674,2403 623,2403 572,2403 521,2403 471,2403 420,2403 369,2404 318,2404 268,2404 217,2404 166,2403 115,2403 65,2401"/>
                <Baseline points="65,2421 115,2423 166,2423 217,2424 268,2424 318,2424 369,2424 420,2423 471,2423 521,2423 572,2423 623,2423 674,2423 724,2421 775,2421 826,2423 877,2423 927,2423 978,2424 1029,2425 1080,2426"/>
                <TextEquiv>
                    <Unicode>uns gekommenen Sacramentarien, Lectionarien und Miſſalien</Unicode>
                </TextEquiv>
            </TextLine>
            <TextLine id="r1l56" custom="readingOrder {index:49;}">
                <Coords points="66,2473 116,2475 167,2475 217,2476 268,2476 318,2476 369,2476 419,2476 470,2476 520,2476 571,2476 621,2475 672,2475 722,2475 773,2475 823,2475 874,2476 924,2476 975,2477 1025,2478 1076,2479 1076,2449 1025,2448 975,2447 924,2446 874,2446 823,2445 773,2445 722,2445 672,2445 621,2445 571,2446 520,2446 470,2446 419,2446 369,2446 318,2446 268,2446 217,2446 167,2445 116,2445 66,2443"/>
                <Baseline points="66,2463 116,2465 167,2465 217,2466 268,2466 318,2466 369,2466 419,2466 470,2466 520,2466 571,2466 621,2465 672,2465 722,2465 773,2465 823,2465 874,2466 924,2466 975,2467 1025,2468 1076,2469"/>
                <TextEquiv>
                    <Unicode>aus dem frühern und ſpätern Mittelalter legen hievon Zeugniß</Unicode>
                </TextEquiv>
            </TextLine>
            <TextLine id="r1l57" custom="readingOrder {index:50;}">
                <Coords points="66,2517 116,2518 166,2518 217,2518 267,2520 318,2520 368,2520 418,2520 469,2520 519,2520 570,2520 620,2520 670,2520 721,2520 771,2520 822,2520 872,2520 922,2520 973,2520 1023,2521 1074,2521 1074,2491 1023,2491 973,2490 922,2490 872,2490 822,2490 771,2490 721,2490 670,2490 620,2490 570,2490 519,2490 469,2490 418,2490 368,2490 318,2490 267,2490 217,2488 166,2488 116,2488 66,2487"/>
                <Baseline points="66,2507 116,2508 166,2508 217,2508 267,2510 318,2510 368,2510 418,2510 469,2510 519,2510 570,2510 620,2510 670,2510 721,2510 771,2510 822,2510 872,2510 922,2510 973,2510 1023,2511 1074,2511"/>
                <TextEquiv>
                    <Unicode>ab. Noch lange nachdem die Buchdruckerkunſt erfunden war und</Unicode>
                </TextEquiv>
            </TextLine>
            <TextLine id="r1l58" custom="readingOrder {index:51;}">
                <Coords points="66,2559 116,2560 167,2560 217,2560 268,2560 318,2562 369,2562 419,2562 470,2562 520,2562 571,2562 622,2562 672,2562 723,2562 773,2562 824,2562 874,2562 925,2562 975,2562 1026,2562 1077,2562 1077,2532 1026,2532 975,2532 925,2532 874,2532 824,2532 773,2532 723,2532 672,2532 622,2532 571,2532 520,2532 470,2532 419,2532 369,2532 318,2532 268,2530 217,2530 167,2530 116,2530 66,2529"/>
                <Baseline points="66,2549 116,2550 167,2550 217,2550 268,2550 318,2552 369,2552 419,2552 470,2552 520,2552 571,2552 622,2552 672,2552 723,2552 773,2552 824,2552 874,2552 925,2552 975,2552 1026,2552 1077,2552"/>
                <TextEquiv>
                    <Unicode>bereits große Fortſchritte gemacht hatte, ließen die Mönche</Unicode>
                </TextEquiv>
            </TextLine>
            <TextLine id="r1l59" custom="readingOrder {index:52;}">
                <Coords points="66,2604 118,2604 171,2604 223,2605 276,2605 328,2605 381,2605 434,2605 486,2605 539,2607 591,2607 644,2607 696,2607 749,2607 802,2607 854,2607 907,2606 959,2605 1012,2605 1065,2605 1065,2575 1012,2575 959,2575 907,2576 854,2577 802,2577 749,2577 696,2577 644,2577 591,2577 539,2577 486,2575 434,2575 381,2575 328,2575 276,2575 223,2575 171,2574 118,2574 66,2574"/>
                <Baseline points="66,2594 118,2594 171,2594 223,2595 276,2595 328,2595 381,2595 434,2595 486,2595 539,2597 591,2597 644,2597 696,2597 749,2597 802,2597 854,2597 907,2596 959,2595 1012,2595 1065,2595"/>
                <TextEquiv>
                    <Unicode>nicht davon ab, Miſſalien mit herrlichen Initialen auf Perga⸗</Unicode>
                </TextEquiv>
            </TextLine>
            <TextLine id="r1l60" custom="readingOrder {index:53;}">
                <Coords points="59,2647 109,2646 159,2646 209,2646 260,2646 310,2646 360,2646 411,2646 461,2647 511,2647 562,2647 612,2647 662,2649 712,2649 763,2649 813,2649 863,2649 914,2647 964,2647 1014,2646 1065,2646 1065,2616 1014,2616 964,2617 914,2617 863,2619 813,2619 763,2619 712,2619 662,2619 612,2617 562,2617 511,2617 461,2617 411,2616 360,2616 310,2616 260,2616 209,2616 159,2616 109,2616 59,2617"/>
                <Baseline points="59,2637 109,2636 159,2636 209,2636 260,2636 310,2636 360,2636 411,2636 461,2637 511,2637 562,2637 612,2637 662,2639 712,2639 763,2639 813,2639 863,2639 914,2637 964,2637 1014,2636 1065,2636"/>
                <TextEquiv>
                    <Unicode>ment zu ſchreiben, dadurch ihre Pietät gegen das hochheilige Op⸗</Unicode>
                </TextEquiv>
            </TextLine>
            <TextLine id="r1l61" custom="readingOrder {index:54;}">
                <Coords points="58,2690 120,2689 170,2689 219,2688 269,2688 319,2688 368,2688 418,2689 468,2689 517,2689 567,2691 617,2691 666,2691 716,2691 766,2692 815,2692 865,2692 915,2691 964,2691 1014,2690 1064,2689 1064,2659 1014,2660 964,2661 915,2661 865,2662 815,2662 766,2662 716,2661 666,2661 617,2661 567,2661 517,2659 468,2659 418,2659 368,2658 319,2658 269,2658 219,2658 170,2659 120,2659 58,2660"/>
                <Baseline points="71,2681 120,2679 170,2679 219,2678 269,2678 319,2678 368,2678 418,2679 468,2679 517,2679 567,2681 617,2681 666,2681 716,2681 766,2682 815,2682 865,2682 915,2681 964,2681 1014,2680 1064,2679"/>
                <TextEquiv>
                    <Unicode>fer zu bethätigen und Sorge zu tragen, daß für hohe Feſttage</Unicode>
                </TextEquiv>
            </TextLine>
            <TextLine id="r1l62" custom="readingOrder {index:55;}">
                <Coords points="59,2734 109,2733 159,2733 209,2733 260,2733 310,2733 360,2733 411,2733 461,2733 511,2733 562,2734 612,2734 662,2734 712,2734 763,2734 813,2734 863,2734 914,2734 964,2734 1014,2734 1065,2733 1065,2703 1014,2704 964,2704 914,2704 863,2704 813,2704 763,2704 712,2704 662,2704 612,2704 562,2704 511,2703 461,2703 411,2703 360,2703 310,2703 260,2703 209,2703 159,2703 109,2703 59,2704"/>
                <Baseline points="59,2724 109,2723 159,2723 209,2723 260,2723 310,2723 360,2723 411,2723 461,2723 511,2723 562,2724 612,2724 662,2724 712,2724 763,2724 813,2724 863,2724 914,2724 964,2724 1014,2724 1065,2723"/>
                <TextEquiv>
                    <Unicode>auch ein ausgezeichnetes liturgiſches Buch vorhanden ſei; noch</Unicode>
                </TextEquiv>
            </TextLine>
            <TextLine id="r1l63" custom="readingOrder {index:56;}">
                <Coords points="62,2776 112,2776 163,2776 213,2776 264,2776 315,2776 365,2776 416,2776 466,2776 517,2776 568,2778 618,2778 669,2778 719,2778 770,2778 821,2778 871,2778 922,2778 972,2778 1023,2776 1074,2776 1074,2746 1023,2746 972,2748 922,2748 871,2748 821,2748 770,2748 719,2748 669,2748 618,2748 568,2748 517,2746 466,2746 416,2746 365,2746 315,2746 264,2746 213,2746 163,2746 112,2746 62,2746"/>
                <Baseline points="62,2766 112,2766 163,2766 213,2766 264,2766 315,2766 365,2766 416,2766 466,2766 517,2766 568,2768 618,2768 669,2768 719,2768 770,2768 821,2768 871,2768 922,2768 972,2768 1023,2766 1074,2766"/>
                <TextEquiv>
                    <Unicode>im 17. und vereinzelt im 18. Jahrhundert wurden Handſchriften</Unicode>
                </TextEquiv>
            </TextLine>
            <TextLine id="r1l64" custom="readingOrder {index:57;}">
                <Coords points="59,2820 109,2820 160,2821 210,2821 261,2821 311,2821 362,2823 412,2823 463,2823 513,2823 564,2823 615,2823 665,2824 716,2824 766,2823 817,2823 867,2823 918,2823 968,2823 1019,2821 1070,2821 1070,2791 1019,2791 968,2793 918,2793 867,2793 817,2793 766,2793 716,2794 665,2794 615,2793 564,2793 513,2793 463,2793 412,2793 362,2793 311,2791 261,2791 210,2791 160,2791 109,2790 59,2790"/>
                <Baseline points="59,2810 109,2810 160,2811 210,2811 261,2811 311,2811 362,2813 412,2813 463,2813 513,2813 564,2813 615,2813 665,2814 716,2814 766,2813 817,2813 867,2813 918,2813 968,2813 1019,2811 1070,2811"/>
                <TextEquiv>
                    <Unicode>von Miſſalien auf Vergament für den liturgiſchen Gebrauch</Unicode>
                </TextEquiv>
            </TextLine>
            <TextLine id="r1l65" custom="readingOrder {index:58;}">
                <Coords points="68,2863 93,2861 118,2861 143,2863 168,2864 193,2865 218,2863 218,2833 193,2835 168,2834 143,2833 118,2831 93,2831 68,2833"/>
                <Baseline points="68,2853 93,2851 118,2851 143,2853 168,2854 193,2855 218,2853"/>
                <TextEquiv>
                    <Unicode>angefertigt.</Unicode>
                </TextEquiv>
            </TextLine>
            <TextLine id="r1l66" custom="readingOrder {index:59;}">
                <Coords points="113,2905 160,2905 208,2905 255,2907 303,2907 350,2907 398,2907 445,2907 493,2907 540,2907 588,2908 636,2908 683,2908 731,2908 778,2908 826,2908 873,2908 921,2908 968,2908 1016,2908 1064,2908 1064,2878 1016,2878 968,2878 921,2878 873,2878 826,2878 778,2878 731,2878 683,2878 636,2878 588,2878 540,2877 493,2877 445,2877 398,2877 350,2877 303,2877 255,2877 208,2875 160,2875 113,2875"/>
                <Baseline points="113,2895 160,2895 208,2895 255,2897 303,2897 350,2897 398,2897 445,2897 493,2897 540,2897 588,2898 636,2898 683,2898 731,2898 778,2898 826,2898 873,2898 921,2898 968,2898 1016,2898 1064,2898"/>
                <TextEquiv>
                    <Unicode>Die ſchönen Druckausgaben des Miſſale aus dem Ende des</Unicode>
                </TextEquiv>
            </TextLine>
            <TextLine id="r1l67" custom="readingOrder {index:60;}">
                <Coords points="62,2944 112,2945 163,2946 213,2947 264,2947 315,2949 365,2949 416,2949 466,2950 517,2950 568,2950 618,2950 669,2950 719,2950 770,2950 821,2950 871,2950 922,2950 972,2950 1023,2950 1074,2950 1074,2920 1023,2920 972,2920 922,2920 871,2920 821,2920 770,2920 719,2920 669,2920 618,2920 568,2920 517,2920 466,2920 416,2919 365,2919 315,2919 264,2917 213,2917 163,2916 112,2915 62,2914"/>
                <Baseline points="62,2934 112,2935 163,2936 213,2937 264,2937 315,2939 365,2939 416,2939 466,2940 517,2940 568,2940 618,2940 669,2940 719,2940 770,2940 821,2940 871,2940 922,2940 972,2940 1023,2940 1074,2940"/>
                <TextEquiv>
                    <Unicode>15. und der erſten Hälfte des 16. Jahrhunderts (mit gothiſchen</Unicode>
                </TextEquiv>
            </TextLine>
            <TextLine id="r1l68" custom="readingOrder {index:61;}">
                <Coords points="59,2989 109,2989 160,2991 210,2991 261,2992 312,2992 362,2994 413,2994 463,2994 514,2995 565,2995 615,2995 666,2995 716,2995 767,2995 818,2997 868,2997 919,2997 969,2997 1020,2997 1071,2995 1071,2964 1020,2966 969,2966 919,2966 868,2966 818,2966 767,2964 716,2964 666,2964 615,2964 565,2964 514,2964 463,2963 413,2963 362,2963 312,2961 261,2961 210,2960 160,2960 109,2958 59,2958"/>
                <Baseline points="59,2979 109,2979 160,2981 210,2981 261,2982 312,2982 362,2984 413,2984 463,2984 514,2985 565,2985 615,2985 666,2985 716,2985 767,2985 818,2987 868,2987 919,2987 969,2987 1020,2987 1071,2985"/>
                <TextEquiv>
                    <Unicode>Schriftcharakteren und Meßcanon auf Pergament) geben Zeugniß</Unicode>
                </TextEquiv>
            </TextLine>
            <TextEquiv>
                <Unicode>tullian) citirt B. ein Monument aus der Mitte des 6. Jahrh.,
das bei der Reſtauration der Kathedrale von Peſaro entdeckt
wurde (Bullet. dell’ Instituto 1851, S. 203.) Man liest auf
einem Moſaik:
E HO N TO
TVS MEDI
VS SED PIS
CIS AB IMO
Est homo non totus medius, sed piscis ab imo, wozu ein
Weſen mit menſchlichem Oberleib, nach unten aber in einen Fiſch
ausgehend, dargeſtellt iſt. Eine ähnliche Darſtellung wird als
in der Taufkapelle zu S. Marco in Venedig befindlich ange⸗
führt; dagegen blieb dem Verf. unbekannt, daß in dem Speculum
humanae salvationis aus Benedictbeuern, jetzt in München, ein
Bild des keuſchen Joſeph ſich findet, der unten in einen Fiſchleib
endigt, während die Verſuchung daneben als Schlange ſteht. E.
Förſter, deutſche Kunſt I 197, will in dem Fiſchleibe Joſephs nur
die kalte Fiſchnatur der Keuſchheit ſymboliſirt ſehen, was aller⸗
dings nicht im Geiſte mittelalterlicher Symbolik gedacht iſt. „Der
Fiſch bedeutet auch hier nur die im reinen Elemente lebende Seele
und eignet ſich zum Sinnbild für Joſeph, weil dieſer als Vor⸗
bild Chriſti galt.” Menzel a. a. O. 290.
Ein beſonderer Vorzug dieſer Monographie ſind die zahlreichen,
recht gut ausgeführten Holzſchnitte und Facſimilien von Inſchriften
u. ſ. f., was um ſo dankenswerther erſcheint, als der Preis des
Buches gleichwohl ſo billig geblieben iſt. Die Ausſtattung iſt
überhaupt glänzend; nur hätte auf die Correctur der Druckfehler
größere Sorgfalt verwendet werden können. Die Diction des
Verf. iſt fließend und angemeſſen, wenn auch einige Unebenheiten
einlaufen, die bei längerer Führung der Feder auswachſen werden.
Pfalzel bei Trier. Franz Xav. Kraus.
Liturgik.
Missale romanum etc. in quo Missae novissimae accu-
rate sunt dispositae. Campoduni ex typographia Koeseliana.
MDCCCLXV. 6½, Thlr.
Miſſalien in unſerm Sinn des Wortes oder Missalia ple-
naria gab es bekanntlich im chriſtlichen Alterthum und ſelbſt
im frühern Mittelalter noch nicht. Erſt ſeit dem 11. Jahr⸗
hundert wurde es nach und nach üblich, die früher in verſchie⸗
denen Büchern (Sacramentarium, Lectionarium und Antiphona⸗
rium) enthaltenen Beſtandtheile der Meßliturgie in Ein Buch
zuſammenzufaſſen, und dieſes Buch Missale plenarium, auch
kurzweg Missale zu nennen. — Voll Ehrfurcht gegen die litur⸗
giſchen Handlungen glaubte man von jeher und durch das ganze
Mittelalter herab auch die liturgiſchen Bücher durch prachtvolle
Schrift, Bilderſchmuck, koſtbaren, kunſtvollen Einband und ſorg⸗
ſame Aufbewahrung vor allen andern Büchern auszeichnen und
ihnen ſo das Gepräge des Heiligen aufdrücken zu müſſen; die auf
uns gekommenen Sacramentarien, Lectionarien und Miſſalien
aus dem frühern und ſpätern Mittelalter legen hievon Zeugniß
ab. Noch lange nachdem die Buchdruckerkunſt erfunden war und
bereits große Fortſchritte gemacht hatte, ließen die Mönche
nicht davon ab, Miſſalien mit herrlichen Initialen auf Perga⸗
ment zu ſchreiben, dadurch ihre Pietät gegen das hochheilige Op⸗
fer zu bethätigen und Sorge zu tragen, daß für hohe Feſttage
auch ein ausgezeichnetes liturgiſches Buch vorhanden ſei; noch
im 17. und vereinzelt im 18. Jahrhundert wurden Handſchriften
von Miſſalien auf Vergament für den liturgiſchen Gebrauch
angefertigt.
Die ſchönen Druckausgaben des Miſſale aus dem Ende des
15. und der erſten Hälfte des 16. Jahrhunderts (mit gothiſchen
Schriftcharakteren und Meßcanon auf Pergament) geben Zeugniß</Unicode>
            </TextEquiv>
        </TextRegion>
        <TextRegion orientation="0.0" id="TextRegion_1619014029692_656" custom="readingOrder {index:2;}">
            <Coords points="1127,124 2162,124 2162,3000 1127,3000"/>
            <TextLine id="r2l3" custom="readingOrder {index:0;}">
                <Coords points="1155,201 1204,201 1253,202 1303,202 1352,202 1401,204 1451,204 1500,205 1549,205 1599,207 1648,207 1697,208 1747,208 1796,208 1845,210 1895,210 1944,210 1993,210 2043,210 2092,210 2170,213 2170,183 2092,180 2043,180 1993,180 1944,180 1895,180 1845,180 1796,178 1747,178 1697,178 1648,177 1599,177 1549,175 1500,175 1451,174 1401,174 1352,172 1303,172 1253,172 1204,171 1155,171"/>
                <Baseline points="1155,191 1204,191 1253,192 1303,192 1352,192 1401,194 1451,194 1500,195 1549,195 1599,197 1648,197 1697,198 1747,198 1796,198 1845,200 1895,200 1944,200 1993,200 2043,200 2092,200 2170,207"/>
                <TextEquiv>
                    <Unicode>davon, daß auch die jugendliche Buchdruckerkunſt Alles aufbot,</Unicode>
                </TextEquiv>
            </TextLine>
            <TextLine id="r2l4" custom="readingOrder {index:1;}">
                <Coords points="1163,244 1212,244 1262,244 1312,246 1361,246 1411,246 1461,247 1510,248 1560,249 1610,250 1660,250 1709,252 1759,252 1809,253 1858,253 1908,253 1958,255 2007,255 2057,255 2107,255 2157,255 2157,225 2107,225 2057,225 2007,225 1958,225 1908,223 1858,223 1809,223 1759,222 1709,222 1660,220 1610,220 1560,219 1510,218 1461,217 1411,216 1361,216 1312,216 1262,214 1212,214 1163,214"/>
                <Baseline points="1163,234 1212,234 1262,234 1312,236 1361,236 1411,236 1461,237 1510,238 1560,239 1610,240 1660,240 1709,242 1759,242 1809,243 1858,243 1908,243 1958,245 2007,245 2057,245 2107,245 2157,245"/>
                <TextEquiv>
                    <Unicode>die liturgiſchen Bücher, das Miſſale insbeſondere, in Rückſicht auf</Unicode>
                </TextEquiv>
            </TextLine>
            <TextLine id="r2l5" custom="readingOrder {index:2;}">
                <Coords points="1152,288 1204,288 1257,288 1309,289 1362,289 1414,291 1467,291 1520,292 1572,292 1625,294 1677,294 1730,295 1782,295 1835,297 1888,297 1940,297 1993,298 2045,297 2098,297 2151,297 2151,267 2098,267 2045,267 1993,268 1940,267 1888,267 1835,267 1782,265 1730,265 1677,264 1625,264 1572,262 1520,262 1467,261 1414,261 1362,259 1309,259 1257,258 1204,258 1152,258"/>
                <Baseline points="1152,278 1204,278 1257,278 1309,279 1362,279 1414,281 1467,281 1520,282 1572,282 1625,284 1677,284 1730,285 1782,285 1835,287 1888,287 1940,287 1993,288 2045,287 2098,287 2151,287"/>
                <TextEquiv>
                    <Unicode>Format, Typen und Verzierung auszuzeichnen. Seitdem aber</Unicode>
                </TextEquiv>
            </TextLine>
            <TextLine id="r2l6" custom="readingOrder {index:3;}">
                <Coords points="1152,330 1202,330 1252,330 1302,330 1353,331 1403,331 1453,333 1503,334 1554,334 1604,336 1654,337 1704,337 1755,339 1805,339 1855,340 1905,340 1956,340 2006,340 2056,340 2106,340 2157,339 2157,309 2106,310 2056,310 2006,310 1956,310 1905,310 1855,310 1805,309 1755,309 1704,307 1654,307 1604,306 1554,304 1503,304 1453,303 1403,301 1353,301 1302,300 1252,300 1202,300 1152,300"/>
                <Baseline points="1152,320 1202,320 1252,320 1302,320 1353,321 1403,321 1453,323 1503,324 1554,324 1604,326 1654,327 1704,327 1755,329 1805,329 1855,330 1905,330 1956,330 2006,330 2056,330 2106,330 2157,329"/>
                <TextEquiv>
                    <Unicode>(in der zweiten Hälfte des 16. und im Laufe des 17. und 18.</Unicode>
                </TextEquiv>
            </TextLine>
            <TextLine id="r2l7" custom="readingOrder {index:4;}">
                <Coords points="1149,372 1199,372 1250,373 1300,373 1351,375 1402,375 1452,376 1503,377 1554,378 1604,379 1655,379 1706,381 1756,381 1807,382 1858,382 1908,382 1959,382 2010,382 2060,382 2111,382 2162,382 2162,352 2111,352 2060,352 2010,352 1959,352 1908,352 1858,352 1807,352 1756,351 1706,351 1655,349 1604,349 1554,348 1503,347 1452,346 1402,345 1351,345 1300,343 1250,343 1199,342 1149,342"/>
                <Baseline points="1149,362 1199,362 1250,363 1300,363 1351,365 1402,365 1452,366 1503,367 1554,368 1604,369 1655,369 1706,371 1756,371 1807,372 1858,372 1908,372 1959,372 2010,372 2060,372 2111,372 2162,372"/>
                <TextEquiv>
                    <Unicode>Jahrhunderts) die kirchliche Kunſt in allen ihren Verzweigungen</Unicode>
                </TextEquiv>
            </TextLine>
            <TextLine id="r2l8" custom="readingOrder {index:5;}">
                <Coords points="1152,417 1204,417 1257,417 1309,417 1362,417 1414,418 1467,418 1520,420 1572,420 1625,421 1677,423 1730,424 1782,424 1835,426 1888,426 1940,426 1993,427 2045,427 2098,426 2151,426 2151,396 2098,396 2045,397 1993,397 1940,396 1888,396 1835,396 1782,394 1730,394 1677,393 1625,391 1572,390 1520,390 1467,388 1414,388 1362,387 1309,387 1257,387 1204,387 1152,387"/>
                <Baseline points="1152,407 1204,407 1257,407 1309,407 1362,407 1414,408 1467,408 1520,410 1572,410 1625,411 1677,413 1730,414 1782,414 1835,416 1888,416 1940,416 1993,417 2045,417 2098,416 2151,416"/>
                <TextEquiv>
                    <Unicode>immer mehr entartete und verfiel, wurde auch die typographiſche</Unicode>
                </TextEquiv>
            </TextLine>
            <TextLine id="r2l9" custom="readingOrder {index:6;}">
                <Coords points="1151,460 1201,459 1251,459 1301,459 1351,460 1401,460 1451,462 1502,462 1552,463 1602,463 1652,465 1702,466 1752,466 1802,468 1853,468 1903,469 1953,469 2003,469 2053,469 2103,468 2154,468 2154,438 2103,438 2053,439 2003,439 1953,439 1903,439 1853,438 1802,438 1752,436 1702,436 1652,435 1602,433 1552,433 1502,432 1451,432 1401,430 1351,430 1301,429 1251,429 1201,429 1151,430"/>
                <Baseline points="1151,450 1201,449 1251,449 1301,449 1351,450 1401,450 1451,452 1502,452 1552,453 1602,453 1652,455 1702,456 1752,456 1802,458 1853,458 1903,459 1953,459 2003,459 2053,459 2103,458 2154,458"/>
                <TextEquiv>
                    <Unicode>Ausſtattung der liturgiſchen Bücher, die Miſſalien nicht ausge⸗</Unicode>
                </TextEquiv>
            </TextLine>
            <TextLine id="r2l10" custom="readingOrder {index:7;}">
                <Coords points="1151,505 1201,504 1251,504 1302,504 1352,504 1403,504 1453,505 1503,505 1554,507 1604,507 1655,508 1705,508 1755,510 1806,510 1856,511 1907,511 1957,513 2007,513 2058,513 2108,513 2159,513 2159,483 2108,483 2058,483 2007,483 1957,483 1907,481 1856,481 1806,480 1755,480 1705,478 1655,478 1604,477 1554,477 1503,475 1453,475 1403,474 1352,474 1302,474 1251,474 1201,474 1151,475"/>
                <Baseline points="1151,495 1201,494 1251,494 1302,494 1352,494 1403,494 1453,495 1503,495 1554,497 1604,497 1655,498 1705,498 1755,500 1806,500 1856,501 1907,501 1957,503 2007,503 2058,503 2108,503 2159,503"/>
                <TextEquiv>
                    <Unicode>nommen, immer armſeliger und profaner. Der altehrwürdige, in</Unicode>
                </TextEquiv>
            </TextLine>
            <TextLine id="r2l11" custom="readingOrder {index:8;}">
                <Coords points="1151,547 1201,546 1251,546 1301,546 1351,546 1401,546 1451,547 1502,548 1552,549 1602,550 1652,551 1702,552 1752,553 1802,555 1853,555 1903,556 1953,556 2003,556 2053,556 2103,556 2154,555 2154,525 2103,526 2053,526 2003,526 1953,526 1903,526 1853,525 1802,525 1752,523 1702,522 1652,521 1602,520 1552,519 1502,518 1451,517 1401,516 1351,516 1301,516 1251,516 1201,516 1151,517"/>
                <Baseline points="1151,537 1201,536 1251,536 1301,536 1351,536 1401,536 1451,537 1502,538 1552,539 1602,540 1652,541 1702,542 1752,543 1802,545 1853,545 1903,546 1953,546 2003,546 2053,546 2103,546 2154,545"/>
                <TextEquiv>
                    <Unicode>liturgiſchen Büchern ſeit Jahrhunderten ausſchließlich angewendete</Unicode>
                </TextEquiv>
            </TextLine>
            <TextLine id="r2l12" custom="readingOrder {index:9;}">
                <Coords points="1155,594 1204,592 1254,591 1303,591 1353,591 1402,591 1452,591 1501,592 1551,592 1600,592 1650,594 1699,594 1749,595 1798,596 1848,597 1897,598 1947,598 1996,598 2046,600 2095,600 2170,599 2170,569 2095,570 2046,570 1996,568 1947,568 1897,568 1848,567 1798,566 1749,565 1699,564 1650,564 1600,562 1551,562 1501,562 1452,561 1402,561 1353,561 1303,561 1254,561 1204,562 1155,564"/>
                <Baseline points="1155,584 1204,582 1254,581 1303,581 1353,581 1402,581 1452,581 1501,582 1551,582 1600,582 1650,584 1699,584 1749,585 1798,586 1848,587 1897,588 1947,588 1996,588 2046,590 2095,590 2173,595"/>
                <TextEquiv>
                    <Unicode>gothiſche Schriftcharakter mußte der römiſchen Schrift weichen;</Unicode>
                </TextEquiv>
            </TextLine>
            <TextLine id="r2l13" custom="readingOrder {index:10;}">
                <Coords points="1145,634 1195,634 1246,633 1297,633 1347,633 1398,633 1449,633 1499,634 1550,634 1601,636 1652,637 1702,637 1753,639 1804,639 1854,640 1905,642 1956,642 2006,642 2057,642 2108,642 2159,642 2159,612 2108,612 2057,612 2006,612 1956,612 1905,612 1854,610 1804,609 1753,609 1702,607 1652,607 1601,606 1550,604 1499,604 1449,603 1398,603 1347,603 1297,603 1246,603 1195,604 1145,604"/>
                <Baseline points="1145,624 1195,624 1246,623 1297,623 1347,623 1398,623 1449,623 1499,624 1550,624 1601,626 1652,627 1702,627 1753,629 1804,629 1854,630 1905,632 1956,632 2006,632 2057,632 2108,632 2159,632"/>
                <TextEquiv>
                    <Unicode>an die Stelle des Hochfolio trat bei den Miſſalien nicht ſelten</Unicode>
                </TextEquiv>
            </TextLine>
            <TextLine id="r2l14" custom="readingOrder {index:11;}">
                <Coords points="1139,675 1207,676 1257,675 1307,675 1357,675 1407,675 1457,676 1507,676 1557,678 1607,678 1658,679 1708,679 1758,681 1808,682 1858,682 1908,684 1958,684 2008,685 2058,685 2108,685 2159,685 2159,655 2108,655 2058,655 2008,655 1958,654 1908,654 1858,652 1808,652 1758,651 1708,649 1658,649 1607,648 1557,648 1507,646 1457,646 1407,645 1357,645 1307,645 1257,645 1207,646 1139,645"/>
                <Baseline points="1144,665 1207,666 1257,665 1307,665 1357,665 1407,665 1457,666 1507,666 1557,668 1607,668 1658,669 1708,669 1758,671 1808,672 1858,672 1908,674 1958,674 2008,675 2058,675 2108,675 2159,675"/>
                <TextEquiv>
                    <Unicode>das Kleinfolio; die Initialen, ſofern überhaupt noch beſondere in</Unicode>
                </TextEquiv>
            </TextLine>
            <TextLine id="r2l15" custom="readingOrder {index:12;}">
                <Coords points="1154,718 1203,718 1253,718 1303,717 1353,718 1403,718 1452,718 1502,719 1552,720 1602,721 1652,721 1701,723 1751,724 1801,724 1851,726 1901,726 1950,727 2000,727 2050,728 2100,729 2150,729 2150,699 2100,699 2050,698 2000,697 1950,697 1901,696 1851,696 1801,694 1751,694 1701,693 1652,691 1602,691 1552,690 1502,689 1452,688 1403,688 1353,688 1303,687 1253,688 1203,688 1154,688"/>
                <Baseline points="1154,708 1203,708 1253,708 1303,707 1353,708 1403,708 1452,708 1502,709 1552,710 1602,711 1652,711 1701,713 1751,714 1801,714 1851,716 1901,716 1950,717 2000,717 2050,718 2100,719 2150,719"/>
                <TextEquiv>
                    <Unicode>Anwendung kamen, ſind meiſtens geſchmacklos, zopfig, ohne alle</Unicode>
                </TextEquiv>
            </TextLine>
            <TextLine id="r2l16" custom="readingOrder {index:13;}">
                <Coords points="1141,763 1206,762 1256,762 1306,762 1356,762 1406,762 1455,762 1505,762 1555,763 1605,763 1655,765 1704,765 1754,766 1804,767 1854,768 1904,769 1953,769 2003,771 2053,771 2103,771 2153,771 2153,741 2103,741 2053,741 2003,741 1953,739 1904,739 1854,738 1804,737 1754,736 1704,735 1655,735 1605,733 1555,733 1505,732 1455,732 1406,732 1356,732 1306,732 1256,732 1206,732 1141,733"/>
                <Baseline points="1140,751 1206,752 1256,752 1306,752 1356,752 1406,752 1455,752 1505,752 1555,753 1605,753 1655,755 1704,755 1754,756 1804,757 1854,758 1904,759 1953,759 2003,761 2053,761 2103,761 2153,761"/>
                <TextEquiv>
                    <Unicode>ſymbolische Bedeutung, die eingefügten größern Bilder oft geradezu</Unicode>
                </TextEquiv>
            </TextLine>
            <TextLine id="r2l17" custom="readingOrder {index:14;}">
                <Coords points="1157,805 1207,805 1257,805 1307,805 1357,805 1407,805 1457,805 1507,805 1557,806 1607,807 1658,807 1708,808 1758,808 1808,810 1858,810 1908,811 1958,811 2008,813 2058,814 2108,814 2159,816 2159,786 2108,784 2058,784 2008,783 1958,781 1908,781 1858,780 1808,780 1758,778 1708,778 1658,777 1607,777 1557,776 1507,775 1457,775 1407,775 1357,775 1307,775 1257,775 1207,775 1157,775"/>
                <Baseline points="1157,795 1207,795 1257,795 1307,795 1357,795 1407,795 1457,795 1507,795 1557,796 1607,797 1658,797 1708,798 1758,798 1808,800 1858,800 1908,801 1958,801 2008,803 2058,804 2108,804 2159,806"/>
                <TextEquiv>
                    <Unicode>häßlich, Typen und Papier ſo ſchlecht als möglich; ſogar der</Unicode>
                </TextEquiv>
            </TextLine>
            <TextLine id="r2l18" custom="readingOrder {index:15;}">
                <Coords points="1154,847 1204,847 1254,847 1304,847 1355,847 1405,847 1455,847 1505,849 1556,849 1606,849 1656,850 1706,850 1757,852 1807,852 1857,853 1907,853 1958,855 2008,855 2058,855 2108,856 2159,856 2159,826 2108,826 2058,825 2008,825 1958,825 1907,823 1857,823 1807,822 1757,822 1706,820 1656,820 1606,819 1556,819 1505,819 1455,817 1405,817 1355,817 1304,817 1254,817 1204,817 1154,817"/>
                <Baseline points="1154,837 1204,837 1254,837 1304,837 1355,837 1405,837 1455,837 1505,839 1556,839 1606,839 1656,840 1706,840 1757,842 1807,842 1857,843 1907,843 1958,845 2008,845 2058,845 2108,846 2159,846"/>
                <TextEquiv>
                    <Unicode>untermiſchte Rothdruck, das letzte Unterſcheidungsmerkmal zwiſchen</Unicode>
                </TextEquiv>
            </TextLine>
            <TextLine id="r2l19" custom="readingOrder {index:16;}">
                <Coords points="1151,891 1200,891 1250,891 1300,891 1350,891 1400,891 1449,891 1499,892 1549,892 1599,894 1649,894 1698,894 1748,895 1798,895 1848,897 1898,897 1947,898 1997,898 2047,898 2097,900 2147,900 2147,870 2097,870 2047,868 1997,868 1947,868 1898,867 1848,867 1798,865 1748,865 1698,864 1649,864 1599,864 1549,862 1499,862 1449,861 1400,861 1350,861 1300,861 1250,861 1200,861 1151,861"/>
                <Baseline points="1151,881 1200,881 1250,881 1300,881 1350,881 1400,881 1449,881 1499,882 1549,882 1599,884 1649,884 1698,884 1748,885 1798,885 1848,887 1898,887 1947,888 1997,888 2047,888 2097,890 2147,890"/>
                <TextEquiv>
                    <Unicode>profanen und liturgiſchen Büchern, wurde in manchen Druckaus⸗</Unicode>
                </TextEquiv>
            </TextLine>
            <TextLine id="r2l20" custom="readingOrder {index:17;}">
                <Coords points="1148,933 1198,933 1248,934 1298,934 1348,934 1398,935 1448,936 1498,936 1548,936 1598,937 1649,937 1699,937 1749,939 1799,939 1849,939 1899,940 1949,941 1999,942 2049,942 2099,943 2150,945 2150,915 2099,913 2049,912 1999,912 1949,911 1899,910 1849,909 1799,909 1749,909 1699,907 1649,907 1598,907 1548,906 1498,906 1448,906 1398,905 1348,904 1298,904 1248,904 1198,903 1148,903"/>
                <Baseline points="1148,923 1198,923 1248,924 1298,924 1348,924 1398,925 1448,926 1498,926 1548,926 1598,927 1649,927 1699,927 1749,929 1799,929 1849,929 1899,930 1949,931 1999,932 2049,932 2099,933 2150,935"/>
                <TextEquiv>
                    <Unicode>gaben des Miſſale nicht mehr beibehalten. Erſt in neueſter Zeit,</Unicode>
                </TextEquiv>
            </TextLine>
            <TextLine id="r2l21" custom="readingOrder {index:18;}">
                <Coords points="1138,975 1204,976 1253,976 1302,977 1351,978 1400,978 1449,979 1499,979 1548,981 1597,981 1646,981 1695,982 1744,982 1793,982 1843,984 1892,984 1941,984 1990,984 2039,985 2088,985 2156,983 2156,953 2088,955 2039,955 1990,954 1941,954 1892,954 1843,954 1793,952 1744,952 1695,952 1646,951 1597,951 1548,951 1499,949 1449,949 1400,948 1351,948 1302,947 1253,946 1204,946 1138,945"/>
                <Baseline points="1115,967 1204,966 1253,966 1302,967 1351,968 1400,968 1449,969 1499,969 1548,971 1597,971 1646,971 1695,972 1744,972 1793,972 1843,974 1892,974 1941,974 1990,974 2039,975 2088,975 2157,979"/>
                <TextEquiv>
                    <Unicode>ſeitdem die kirchliche Kunſt in Deutſchland auf allen ihren Ge⸗</Unicode>
                </TextEquiv>
            </TextLine>
            <TextLine id="r2l22" custom="readingOrder {index:19;}">
                <Coords points="1137,1020 1201,1020 1251,1021 1300,1021 1350,1023 1399,1023 1449,1023 1498,1024 1548,1024 1597,1024 1647,1026 1696,1026 1746,1026 1795,1027 1845,1027 1894,1027 1944,1027 1993,1029 2043,1029 2092,1029 2142,1029 2142,999 2092,999 2043,999 1993,999 1944,997 1894,997 1845,997 1795,997 1746,996 1696,996 1647,996 1597,994 1548,994 1498,994 1449,993 1399,993 1350,993 1300,991 1251,991 1201,990 1137,990"/>
                <Baseline points="1146,1012 1201,1010 1251,1011 1300,1011 1350,1013 1399,1013 1449,1013 1498,1014 1548,1014 1597,1014 1647,1016 1696,1016 1746,1016 1795,1017 1845,1017 1894,1017 1944,1017 1993,1019 2043,1019 2092,1019 2142,1019"/>
                <TextEquiv>
                    <Unicode>bieten einen neuen Aufſchwung genommen, hat man auch der</Unicode>
                </TextEquiv>
            </TextLine>
            <TextLine id="r2l23" custom="readingOrder {index:20;}">
                <Coords points="1145,1063 1194,1064 1244,1065 1293,1065 1343,1066 1392,1066 1442,1066 1491,1066 1541,1068 1590,1068 1640,1068 1689,1069 1739,1069 1788,1069 1838,1070 1887,1071 1937,1071 1986,1071 2036,1072 2085,1072 2158,1071 2158,1041 2085,1042 2036,1042 1986,1041 1937,1041 1887,1041 1838,1040 1788,1039 1739,1039 1689,1039 1640,1038 1590,1038 1541,1038 1491,1036 1442,1036 1392,1036 1343,1036 1293,1035 1244,1035 1194,1034 1145,1033"/>
                <Baseline points="1145,1053 1194,1054 1244,1055 1293,1055 1343,1056 1392,1056 1442,1056 1491,1056 1541,1058 1590,1058 1640,1058 1689,1059 1739,1059 1788,1059 1838,1060 1887,1061 1937,1061 1986,1061 2036,1062 2085,1062 2155,1067"/>
                <TextEquiv>
                    <Unicode>Ausſtattung unſerer liturgiſchen Bücher, der Miſſalien insbeſon⸗</Unicode>
                </TextEquiv>
            </TextLine>
            <TextLine id="r2l24" custom="readingOrder {index:21;}">
                <Coords points="1128,1109 1213,1108 1263,1108 1313,1109 1363,1110 1413,1110 1462,1110 1512,1111 1562,1111 1612,1111 1662,1113 1711,1113 1761,1114 1811,1114 1861,1114 1911,1114 1960,1116 2010,1116 2060,1116 2110,1116 2160,1117 2160,1087 2110,1086 2060,1086 2010,1086 1960,1086 1911,1084 1861,1084 1811,1084 1761,1084 1711,1083 1662,1083 1612,1081 1562,1081 1512,1081 1462,1080 1413,1080 1363,1080 1313,1079 1263,1078 1213,1078 1128,1079"/>
                <Baseline points="1145,1098 1194,1098 1244,1098 1294,1099 1344,1100 1394,1100 1443,1100 1493,1101 1543,1101 1593,1101 1643,1103 1692,1103 1742,1104 1792,1104 1842,1104 1892,1104 1941,1106 1991,1106 2041,1106 2091,1106 2159,1108"/>
                <TextEquiv>
                    <Unicode>dere, wieder eine größere Aufmerkſamkeit zugewendet. Das in</Unicode>
                </TextEquiv>
            </TextLine>
            <TextLine id="r2l25" custom="readingOrder {index:22;}">
                <Coords points="1139,1150 1189,1152 1239,1152 1289,1153 1340,1153 1390,1155 1440,1155 1490,1155 1541,1156 1591,1156 1641,1156 1691,1156 1742,1158 1792,1158 1842,1158 1892,1158 1943,1158 1993,1158 2043,1159 2093,1159 2144,1159 2144,1129 2093,1129 2043,1129 1993,1128 1943,1128 1892,1128 1842,1128 1792,1128 1742,1128 1691,1126 1641,1126 1591,1126 1541,1126 1490,1125 1440,1125 1390,1125 1340,1123 1289,1123 1239,1122 1189,1122 1139,1120"/>
                <Baseline points="1139,1140 1189,1142 1239,1142 1289,1143 1340,1143 1390,1145 1440,1145 1490,1145 1541,1146 1591,1146 1641,1146 1691,1146 1742,1148 1792,1148 1842,1148 1892,1148 1943,1148 1993,1148 2043,1149 2093,1149 2144,1149"/>
                <TextEquiv>
                    <Unicode>Wien von Reiß herausgegebene Miſſale hat eigentlichen Kunſtwerth;</Unicode>
                </TextEquiv>
            </TextLine>
            <TextLine id="r2l26" custom="readingOrder {index:23;}">
                <Coords points="1145,1194 1197,1195 1250,1195 1302,1197 1355,1197 1407,1198 1460,1198 1513,1198 1565,1198 1618,1199 1670,1200 1723,1200 1775,1200 1828,1200 1881,1201 1933,1201 1986,1201 2038,1203 2091,1203 2144,1204 2144,1174 2091,1173 2038,1173 1986,1171 1933,1171 1881,1171 1828,1170 1775,1170 1723,1170 1670,1170 1618,1169 1565,1168 1513,1168 1460,1168 1407,1168 1355,1167 1302,1167 1250,1165 1197,1165 1145,1164"/>
                <Baseline points="1145,1184 1197,1185 1250,1185 1302,1187 1355,1187 1407,1188 1460,1188 1513,1188 1565,1188 1618,1189 1670,1190 1723,1190 1775,1190 1828,1190 1881,1191 1933,1191 1986,1191 2038,1193 2091,1193 2144,1194"/>
                <TextEquiv>
                    <Unicode>ſehr würdig ausgeſtattet iſt auch das neueſte Miſſale von Puſtet;</Unicode>
                </TextEquiv>
            </TextLine>
            <TextLine id="r2l27" custom="readingOrder {index:24;}">
                <Coords points="1145,1239 1195,1239 1245,1240 1296,1240 1346,1240 1397,1240 1447,1240 1497,1242 1548,1242 1598,1242 1649,1242 1699,1243 1749,1243 1800,1243 1850,1243 1901,1244 1951,1245 2001,1245 2052,1245 2102,1245 2153,1246 2153,1216 2102,1215 2052,1215 2001,1215 1951,1215 1901,1214 1850,1213 1800,1213 1749,1213 1699,1213 1649,1212 1598,1212 1548,1212 1497,1212 1447,1210 1397,1210 1346,1210 1296,1210 1245,1210 1195,1209 1145,1209"/>
                <Baseline points="1145,1229 1195,1229 1245,1230 1296,1230 1346,1230 1397,1230 1447,1230 1497,1232 1548,1232 1598,1232 1649,1232 1699,1233 1749,1233 1800,1233 1850,1233 1901,1234 1951,1235 2001,1235 2052,1235 2102,1235 2153,1236"/>
                <TextEquiv>
                    <Unicode>dieſem kann ſich das oben angezeigte im Sommer 1865 bei</Unicode>
                </TextEquiv>
            </TextLine>
            <TextLine id="r2l28" custom="readingOrder {index:25;}">
                <Coords points="1145,1281 1194,1281 1244,1282 1294,1282 1344,1282 1394,1283 1443,1284 1493,1284 1543,1284 1593,1285 1643,1285 1692,1285 1742,1285 1792,1287 1842,1287 1892,1287 1941,1287 1991,1287 2041,1288 2091,1288 2150,1288 2150,1258 2091,1258 2041,1258 1991,1257 1941,1257 1892,1257 1842,1257 1792,1257 1742,1255 1692,1255 1643,1255 1593,1255 1543,1254 1493,1254 1443,1254 1394,1253 1344,1252 1294,1252 1244,1252 1194,1251 1145,1251"/>
                <Baseline points="1145,1271 1194,1271 1244,1272 1294,1272 1344,1272 1394,1273 1443,1274 1493,1274 1543,1274 1593,1275 1643,1275 1692,1275 1742,1275 1792,1277 1842,1277 1892,1277 1941,1277 1991,1277 2041,1278 2091,1278 2153,1277"/>
                <TextEquiv>
                    <Unicode>Köſel in Kempten erſchienene als ebenbürtig an die Seite ſtellen.</Unicode>
                </TextEquiv>
            </TextLine>
            <TextLine id="r2l29" custom="readingOrder {index:26;}">
                <Coords points="1151,1324 1200,1324 1250,1324 1299,1324 1349,1326 1399,1326 1448,1326 1498,1327 1548,1327 1597,1327 1647,1329 1697,1329 1746,1329 1796,1330 1846,1330 1895,1330 1945,1330 1995,1332 2044,1332 2094,1332 2144,1332 2144,1302 2094,1302 2044,1302 1995,1302 1945,1300 1895,1300 1846,1300 1796,1300 1746,1299 1697,1299 1647,1299 1597,1297 1548,1297 1498,1297 1448,1296 1399,1296 1349,1296 1299,1294 1250,1294 1200,1294 1151,1294"/>
                <Baseline points="1151,1314 1200,1314 1250,1314 1299,1314 1349,1316 1399,1316 1448,1316 1498,1317 1548,1317 1597,1317 1647,1319 1697,1319 1746,1319 1796,1320 1846,1320 1895,1320 1945,1320 1995,1322 2044,1322 2094,1322 2144,1322"/>
                <TextEquiv>
                    <Unicode>Durch ganz Deutſchland und durch Polen hin ſind Tauſende</Unicode>
                </TextEquiv>
            </TextLine>
            <TextLine id="r2l30" custom="readingOrder {index:27;}">
                <Coords points="1149,1368 1201,1368 1254,1368 1306,1369 1359,1369 1411,1369 1464,1370 1517,1371 1569,1371 1622,1372 1674,1372 1727,1372 1779,1373 1832,1374 1885,1374 1937,1374 1990,1374 2042,1374 2095,1374 2148,1374 2148,1344 2095,1344 2042,1344 1990,1344 1937,1344 1885,1344 1832,1344 1779,1343 1727,1342 1674,1342 1622,1342 1569,1341 1517,1341 1464,1340 1411,1339 1359,1339 1306,1339 1254,1338 1201,1338 1149,1338"/>
                <Baseline points="1149,1358 1201,1358 1254,1358 1306,1359 1359,1359 1411,1359 1464,1360 1517,1361 1569,1361 1622,1362 1674,1362 1727,1362 1779,1363 1832,1364 1885,1364 1937,1364 1990,1364 2042,1364 2095,1364 2148,1364"/>
                <TextEquiv>
                    <Unicode>und Tauſende von Miſſalien verbreitet, welche aus der vormals</Unicode>
                </TextEquiv>
            </TextLine>
            <TextLine id="r2l31" custom="readingOrder {index:28;}">
                <Coords points="1139,1411 1208,1411 1257,1411 1306,1411 1355,1412 1404,1413 1452,1413 1501,1413 1550,1414 1599,1414 1648,1414 1696,1416 1745,1416 1794,1416 1843,1416 1892,1416 1940,1417 1989,1417 2038,1417 2087,1417 2136,1416 2136,1386 2087,1387 2038,1387 1989,1387 1940,1387 1892,1386 1843,1386 1794,1386 1745,1386 1696,1386 1648,1384 1599,1384 1550,1384 1501,1383 1452,1383 1404,1383 1355,1382 1306,1381 1257,1381 1208,1381 1139,1381"/>
                <Baseline points="1155,1401 1208,1401 1257,1401 1306,1401 1355,1402 1404,1403 1452,1403 1501,1403 1550,1404 1599,1404 1648,1404 1696,1406 1745,1406 1794,1406 1843,1406 1892,1406 1940,1407 1989,1407 2038,1407 2087,1407 2136,1406"/>
                <TextEquiv>
                    <Unicode>fürſtlichen, nachmals Köſel’ſchen Buchdruckerei in Kempten hervor⸗</Unicode>
                </TextEquiv>
            </TextLine>
            <TextLine id="r2l32" custom="readingOrder {index:29;}">
                <Coords points="1148,1456 1197,1456 1247,1456 1297,1456 1347,1456 1397,1456 1447,1456 1496,1456 1546,1456 1596,1458 1646,1458 1696,1458 1746,1458 1796,1459 1845,1459 1895,1459 1945,1459 1995,1461 2045,1461 2095,1461 2145,1461 2145,1431 2095,1431 2045,1431 1995,1431 1945,1429 1895,1429 1845,1429 1796,1429 1746,1428 1696,1428 1646,1428 1596,1428 1546,1426 1496,1426 1447,1426 1397,1426 1347,1426 1297,1426 1247,1426 1197,1426 1148,1426"/>
                <Baseline points="1148,1446 1197,1446 1247,1446 1297,1446 1347,1446 1397,1446 1447,1446 1496,1446 1546,1446 1596,1448 1646,1448 1696,1448 1746,1448 1796,1449 1845,1449 1895,1449 1945,1449 1995,1451 2045,1451 2095,1451 2145,1451"/>
                <TextEquiv>
                    <Unicode>gingen, und die im Vergleich mit andern im Laufe des vorigen</Unicode>
                </TextEquiv>
            </TextLine>
            <TextLine id="r2l33" custom="readingOrder {index:30;}">
                <Coords points="1145,1495 1194,1495 1244,1497 1294,1497 1344,1498 1394,1498 1443,1500 1493,1500 1543,1500 1593,1501 1643,1501 1692,1502 1742,1503 1792,1503 1842,1503 1892,1504 1941,1504 1991,1504 2041,1504 2091,1504 2141,1504 2141,1474 2091,1474 2041,1474 1991,1474 1941,1474 1892,1474 1842,1473 1792,1473 1742,1473 1692,1472 1643,1471 1593,1471 1543,1470 1493,1470 1443,1470 1394,1468 1344,1468 1294,1467 1244,1467 1194,1465 1145,1465"/>
                <Baseline points="1145,1485 1194,1485 1244,1487 1294,1487 1344,1488 1394,1488 1443,1490 1493,1490 1543,1490 1593,1491 1643,1491 1692,1492 1742,1493 1792,1493 1842,1493 1892,1494 1941,1494 1991,1494 2041,1494 2091,1494 2141,1494"/>
                <TextEquiv>
                    <Unicode>und zu Anfang dieſes Jahrhunderts erſchienenen Ausgaben, des</Unicode>
                </TextEquiv>
            </TextLine>
            <TextLine id="r2l34" custom="readingOrder {index:31;}">
                <Coords points="1134,1536 1184,1537 1234,1537 1285,1539 1335,1539 1385,1540 1436,1541 1486,1542 1536,1542 1587,1543 1637,1543 1687,1545 1738,1545 1788,1546 1838,1546 1889,1546 1939,1548 1989,1548 2040,1548 2090,1548 2141,1549 2141,1519 2090,1518 2040,1518 1989,1518 1939,1518 1889,1516 1838,1516 1788,1516 1738,1515 1687,1515 1637,1513 1587,1513 1536,1512 1486,1512 1436,1511 1385,1510 1335,1509 1285,1509 1234,1507 1184,1507 1134,1506"/>
                <Baseline points="1134,1526 1184,1527 1234,1527 1285,1529 1335,1529 1385,1530 1436,1531 1486,1532 1536,1532 1587,1533 1637,1533 1687,1535 1738,1535 1788,1536 1838,1536 1889,1536 1939,1538 1989,1538 2040,1538 2090,1538 2141,1539"/>
                <TextEquiv>
                    <Unicode>Miſſale ſich vortheilhaft auszeichnen; ſie werden aber in jeder</Unicode>
                </TextEquiv>
            </TextLine>
            <TextLine id="r2l35" custom="readingOrder {index:32;}">
                <Coords points="1145,1579 1186,1580 1227,1581 1268,1581 1310,1582 1351,1582 1392,1582 1433,1584 1475,1584 1516,1584 1557,1585 1598,1585 1640,1586 1681,1587 1722,1587 1763,1588 1805,1588 1846,1590 1887,1590 1928,1590 1986,1591 1986,1561 1928,1560 1887,1560 1846,1560 1805,1558 1763,1558 1722,1557 1681,1557 1640,1556 1598,1555 1557,1555 1516,1554 1475,1554 1433,1554 1392,1552 1351,1552 1310,1552 1268,1551 1227,1551 1186,1550 1145,1549"/>
                <Baseline points="1141,1575 1199,1573 1240,1574 1281,1574 1323,1575 1364,1575 1405,1575 1446,1577 1488,1577 1529,1577 1570,1578 1611,1578 1653,1579 1694,1580 1735,1580 1776,1581 1818,1581 1859,1583 1900,1583 1941,1583 1983,1584"/>
                <TextEquiv>
                    <Unicode>Beziehung durch die neueſte Aufgabe weit übertroffen.</Unicode>
                </TextEquiv>
            </TextLine>
            <TextLine id="r2l36" custom="readingOrder {index:33;}">
                <Coords points="1194,1623 1241,1623 1288,1624 1336,1624 1383,1624 1431,1626 1478,1626 1525,1627 1573,1627 1620,1627 1668,1629 1715,1630 1762,1630 1810,1631 1857,1632 1905,1632 1952,1632 1999,1633 2047,1633 2094,1633 2142,1633 2142,1603 2094,1603 2047,1603 1999,1603 1952,1602 1905,1602 1857,1602 1810,1601 1762,1600 1715,1600 1668,1599 1620,1597 1573,1597 1525,1597 1478,1596 1431,1596 1383,1594 1336,1594 1288,1594 1241,1593 1194,1593"/>
                <Baseline points="1194,1613 1241,1613 1288,1614 1336,1614 1383,1614 1431,1616 1478,1616 1525,1617 1573,1617 1620,1617 1668,1619 1715,1620 1762,1620 1810,1621 1857,1622 1905,1622 1952,1622 1999,1623 2047,1623 2094,1623 2142,1623"/>
                <TextEquiv>
                    <Unicode>Das Format iſt mittleres Folio, das Papier ſchön und ſtark;</Unicode>
                </TextEquiv>
            </TextLine>
            <TextLine id="r2l37" custom="readingOrder {index:34;}">
                <Coords points="1142,1666 1192,1666 1242,1666 1292,1668 1342,1668 1392,1668 1442,1668 1492,1669 1542,1669 1592,1669 1643,1671 1693,1671 1743,1671 1793,1672 1843,1672 1893,1674 1943,1674 1993,1675 2043,1676 2093,1677 2144,1678 2144,1648 2093,1647 2043,1646 1993,1645 1943,1644 1893,1644 1843,1642 1793,1642 1743,1641 1693,1641 1643,1641 1592,1639 1542,1639 1492,1639 1442,1638 1392,1638 1342,1638 1292,1638 1242,1636 1192,1636 1142,1636"/>
                <Baseline points="1142,1656 1192,1656 1242,1656 1292,1658 1342,1658 1392,1658 1442,1658 1492,1659 1542,1659 1592,1659 1643,1661 1693,1661 1743,1661 1793,1662 1843,1662 1893,1664 1943,1664 1993,1665 2043,1666 2093,1667 2144,1668"/>
                <TextEquiv>
                    <Unicode>die Lettern, welche auf dem ſchönen Papier ſich fürs Auge ganz</Unicode>
                </TextEquiv>
            </TextLine>
            <TextLine id="r2l38" custom="readingOrder {index:35;}">
                <Coords points="1139,1708 1188,1708 1238,1710 1288,1710 1338,1710 1388,1710 1437,1711 1487,1711 1537,1711 1587,1712 1637,1713 1686,1713 1736,1713 1786,1714 1836,1714 1886,1716 1935,1716 1985,1717 2035,1719 2085,1719 2161,1718 2161,1688 2085,1689 2035,1689 1985,1687 1935,1686 1886,1686 1836,1684 1786,1684 1736,1683 1686,1683 1637,1683 1587,1682 1537,1681 1487,1681 1437,1681 1388,1680 1338,1680 1288,1680 1238,1680 1188,1678 1139,1678"/>
                <Baseline points="1139,1698 1188,1698 1238,1700 1288,1700 1338,1700 1388,1700 1437,1701 1487,1701 1537,1701 1587,1702 1637,1703 1686,1703 1736,1703 1786,1704 1836,1704 1886,1706 1935,1706 1985,1707 2035,1709 2106,1710 2156,1711"/>
                <TextEquiv>
                    <Unicode>wohlthuend präſentiren, ſind von entſprechender Größe, weder ſcharf</Unicode>
                </TextEquiv>
            </TextLine>
            <TextLine id="r2l39" custom="readingOrder {index:36;}">
                <Coords points="1136,1752 1186,1752 1236,1752 1286,1752 1337,1753 1387,1753 1437,1753 1487,1753 1538,1755 1588,1755 1638,1755 1688,1756 1739,1756 1789,1758 1839,1758 1889,1759 1940,1759 1990,1760 2040,1761 2090,1761 2141,1762 2141,1732 2090,1731 2040,1731 1990,1730 1940,1729 1889,1729 1839,1728 1789,1728 1739,1726 1688,1726 1638,1725 1588,1725 1538,1725 1487,1723 1437,1723 1387,1723 1337,1723 1286,1722 1236,1722 1186,1722 1136,1722"/>
                <Baseline points="1136,1742 1186,1742 1236,1742 1286,1742 1337,1743 1387,1743 1437,1743 1487,1743 1538,1745 1588,1745 1638,1745 1688,1746 1739,1746 1789,1748 1839,1748 1889,1749 1940,1749 1990,1750 2040,1751 2090,1751 2141,1752"/>
                <TextEquiv>
                    <Unicode>und kantig noch zu fett; beſonders ſchön und ſehr exact ausge⸗</Unicode>
                </TextEquiv>
            </TextLine>
            <TextLine id="r2l40" custom="readingOrder {index:37;}">
                <Coords points="1131,1798 1198,1797 1248,1797 1298,1797 1348,1797 1398,1797 1448,1797 1499,1798 1549,1798 1599,1798 1649,1800 1699,1800 1749,1800 1799,1801 1850,1801 1900,1803 1950,1803 2000,1804 2050,1804 2100,1806 2151,1806 2151,1776 2100,1776 2050,1774 2000,1774 1950,1773 1900,1773 1850,1771 1799,1771 1749,1770 1699,1770 1649,1770 1599,1768 1549,1768 1499,1768 1448,1767 1398,1767 1348,1767 1298,1767 1248,1767 1198,1767 1131,1768"/>
                <Baseline points="1139,1787 1198,1787 1248,1787 1298,1787 1348,1787 1398,1787 1448,1787 1499,1788 1549,1788 1599,1788 1649,1790 1699,1790 1749,1790 1799,1791 1850,1791 1900,1793 1950,1793 2000,1794 2050,1794 2100,1796 2151,1796"/>
                <TextEquiv>
                    <Unicode>führt iſt der Notendruck, und wir nehmen keinen Anſtand, zu</Unicode>
                </TextEquiv>
            </TextLine>
            <TextLine id="r2l41" custom="readingOrder {index:38;}">
                <Coords points="1133,1840 1183,1840 1234,1840 1284,1840 1335,1840 1385,1840 1436,1840 1486,1842 1537,1842 1587,1842 1638,1843 1689,1843 1739,1845 1790,1845 1840,1846 1891,1846 1941,1846 1992,1848 2042,1848 2093,1848 2144,1849 2144,1819 2093,1818 2042,1818 1992,1818 1941,1816 1891,1816 1840,1816 1790,1815 1739,1815 1689,1813 1638,1813 1587,1812 1537,1812 1486,1812 1436,1810 1385,1810 1335,1810 1284,1810 1234,1810 1183,1810 1133,1810"/>
                <Baseline points="1133,1830 1183,1830 1234,1830 1284,1830 1335,1830 1385,1830 1436,1830 1486,1832 1537,1832 1587,1832 1638,1833 1689,1833 1739,1835 1790,1835 1840,1836 1891,1836 1941,1836 1992,1838 2042,1838 2093,1838 2144,1839"/>
                <TextEquiv>
                    <Unicode>behaupten, in Rückſicht auf Dauerhaftigkeit ſowie in Rückſicht</Unicode>
                </TextEquiv>
            </TextLine>
            <TextLine id="r2l42" custom="readingOrder {index:39;}">
                <Coords points="1134,1884 1184,1884 1234,1884 1284,1884 1334,1884 1384,1885 1434,1885 1484,1885 1534,1885 1584,1887 1634,1887 1684,1887 1734,1888 1784,1888 1834,1890 1884,1890 1934,1890 1984,1890 2034,1891 2084,1891 2135,1891 2135,1861 2084,1861 2034,1861 1984,1860 1934,1860 1884,1860 1834,1860 1784,1858 1734,1858 1684,1857 1634,1857 1584,1857 1534,1855 1484,1855 1434,1855 1384,1855 1334,1854 1284,1854 1234,1854 1184,1854 1134,1854"/>
                <Baseline points="1134,1874 1184,1874 1234,1874 1284,1874 1334,1874 1384,1875 1434,1875 1484,1875 1534,1875 1584,1877 1634,1877 1684,1877 1734,1878 1784,1878 1834,1880 1884,1880 1934,1880 1984,1880 2034,1881 2084,1881 2135,1881"/>
                <TextEquiv>
                    <Unicode>auf Angemeſſenheit und Zweckmäßigkeit für das Auge des Cele⸗</Unicode>
                </TextEquiv>
            </TextLine>
            <TextLine id="r2l43" custom="readingOrder {index:40;}">
                <Coords points="1126,1930 1194,1929 1244,1927 1293,1927 1343,1927 1393,1927 1442,1929 1492,1929 1542,1929 1591,1930 1641,1930 1691,1932 1740,1932 1790,1933 1840,1933 1889,1933 1939,1935 1989,1935 2038,1935 2088,1935 2138,1935 2138,1905 2088,1905 2038,1905 1989,1905 1939,1905 1889,1903 1840,1903 1790,1903 1740,1902 1691,1902 1641,1900 1591,1900 1542,1899 1492,1899 1442,1899 1393,1897 1343,1897 1293,1897 1244,1897 1194,1899 1126,1900"/>
                <Baseline points="1139,1920 1194,1919 1244,1917 1293,1917 1343,1917 1393,1917 1442,1919 1492,1919 1542,1919 1591,1920 1641,1920 1691,1922 1740,1922 1790,1923 1840,1923 1889,1923 1939,1925 1989,1925 2038,1925 2088,1925 2138,1925"/>
                <TextEquiv>
                    <Unicode>branten gehöre das in Rede ſtehende Miſſale zum Vorzüglichſten,</Unicode>
                </TextEquiv>
            </TextLine>
            <TextLine id="r2l44" custom="readingOrder {index:41;}">
                <Coords points="1136,1971 1188,1971 1241,1971 1293,1971 1346,1971 1398,1971 1451,1971 1504,1972 1556,1972 1609,1972 1661,1974 1714,1974 1766,1975 1819,1975 1872,1975 1924,1977 1977,1977 2029,1977 2082,1978 2135,1978 2135,1948 2082,1948 2029,1947 1977,1947 1924,1947 1872,1945 1819,1945 1766,1945 1714,1944 1661,1944 1609,1942 1556,1942 1504,1942 1451,1941 1398,1941 1346,1941 1293,1941 1241,1941 1188,1941 1136,1941"/>
                <Baseline points="1136,1961 1188,1961 1241,1961 1293,1961 1346,1961 1398,1961 1451,1961 1504,1962 1556,1962 1609,1962 1661,1964 1714,1964 1766,1965 1819,1965 1872,1965 1924,1967 1977,1967 2029,1967 2082,1968 2135,1968"/>
                <TextEquiv>
                    <Unicode>was die Neuzeit hierin aufzuweiſen hat. — Beurtheilen wir es</Unicode>
                </TextEquiv>
            </TextLine>
            <TextLine id="r2l45" custom="readingOrder {index:42;}">
                <Coords points="1139,2014 1189,2014 1239,2013 1289,2013 1340,2013 1390,2013 1440,2014 1491,2014 1541,2015 1591,2016 1642,2016 1692,2017 1742,2017 1792,2019 1843,2019 1893,2020 1943,2020 1994,2020 2044,2020 2094,2020 2145,2019 2145,1989 2094,1990 2044,1990 1994,1990 1943,1990 1893,1990 1843,1989 1792,1989 1742,1987 1692,1987 1642,1986 1591,1986 1541,1985 1491,1984 1440,1984 1390,1983 1340,1983 1289,1983 1239,1983 1189,1984 1139,1984"/>
                <Baseline points="1139,2004 1189,2004 1239,2003 1289,2003 1340,2003 1390,2003 1440,2004 1491,2004 1541,2005 1591,2006 1642,2006 1692,2007 1742,2007 1792,2009 1843,2009 1893,2010 1943,2010 1994,2010 2044,2010 2094,2010 2145,2009"/>
                <TextEquiv>
                    <Unicode>vom artiſtiſchen Standpunkte aus, ſo können wir ihm allerdings</Unicode>
                </TextEquiv>
            </TextLine>
            <TextLine id="r2l46" custom="readingOrder {index:43;}">
                <Coords points="1130,2056 1180,2056 1230,2056 1281,2056 1331,2056 1382,2058 1432,2058 1482,2058 1533,2059 1583,2059 1634,2059 1684,2061 1734,2061 1785,2061 1835,2061 1886,2062 1936,2062 1986,2062 2037,2062 2087,2062 2138,2062 2138,2032 2087,2032 2037,2032 1986,2032 1936,2032 1886,2032 1835,2031 1785,2031 1734,2031 1684,2031 1634,2029 1583,2029 1533,2029 1482,2028 1432,2028 1382,2028 1331,2026 1281,2026 1230,2026 1180,2026 1130,2026"/>
                <Baseline points="1130,2046 1180,2046 1230,2046 1281,2046 1331,2046 1382,2048 1432,2048 1482,2048 1533,2049 1583,2049 1634,2049 1684,2051 1734,2051 1785,2051 1835,2051 1886,2052 1936,2052 1986,2052 2037,2052 2087,2052 2138,2052"/>
                <TextEquiv>
                    <Unicode>das Prädicat „ausgezeichnet” nicht zuerkennen; eine reiche ar⸗</Unicode>
                </TextEquiv>
            </TextLine>
            <TextLine id="r2l47" custom="readingOrder {index:44;}">
                <Coords points="1134,2097 1184,2098 1235,2098 1286,2098 1337,2100 1388,2100 1439,2101 1489,2101 1540,2101 1591,2103 1642,2103 1693,2103 1744,2104 1795,2104 1845,2104 1896,2104 1947,2104 1998,2104 2049,2104 2100,2104 2151,2104 2151,2074 2100,2074 2049,2074 1998,2074 1947,2074 1896,2074 1845,2074 1795,2074 1744,2074 1693,2073 1642,2073 1591,2073 1540,2071 1489,2071 1439,2071 1388,2070 1337,2070 1286,2068 1235,2068 1184,2068 1134,2067"/>
                <Baseline points="1134,2087 1184,2088 1235,2088 1286,2088 1337,2090 1388,2090 1439,2091 1489,2091 1540,2091 1591,2093 1642,2093 1693,2093 1744,2094 1795,2094 1845,2094 1896,2094 1947,2094 1998,2094 2049,2094 2100,2094 2151,2094"/>
                <TextEquiv>
                    <Unicode>tiſtiſche Ausſtattung hätte den Preis erhöht und in Folge deſſen</Unicode>
                </TextEquiv>
            </TextLine>
            <TextLine id="r2l48" custom="readingOrder {index:45;}">
                <Coords points="1127,2142 1177,2142 1227,2142 1278,2142 1328,2142 1379,2143 1429,2143 1480,2145 1530,2145 1581,2145 1631,2146 1681,2146 1732,2148 1782,2148 1833,2148 1883,2148 1934,2149 1984,2149 2035,2149 2085,2148 2136,2148 2136,2118 2085,2118 2035,2119 1984,2119 1934,2119 1883,2118 1833,2118 1782,2118 1732,2118 1681,2116 1631,2116 1581,2115 1530,2115 1480,2115 1429,2113 1379,2113 1328,2112 1278,2112 1227,2112 1177,2112 1127,2112"/>
                <Baseline points="1127,2132 1177,2132 1227,2132 1278,2132 1328,2132 1379,2133 1429,2133 1480,2135 1530,2135 1581,2135 1631,2136 1681,2136 1732,2138 1782,2138 1833,2138 1883,2138 1934,2139 1984,2139 2035,2139 2085,2138 2136,2138"/>
                <TextEquiv>
                    <Unicode>die Anſchaffung erſchwert. Was zum Zwecke der Decoration</Unicode>
                </TextEquiv>
            </TextLine>
            <TextLine id="r2l49" custom="readingOrder {index:46;}">
                <Coords points="1134,2184 1184,2184 1234,2185 1284,2185 1335,2185 1385,2187 1435,2187 1485,2187 1536,2188 1586,2188 1636,2190 1686,2190 1737,2190 1787,2191 1837,2191 1887,2191 1938,2191 1988,2191 2038,2191 2088,2191 2139,2190 2139,2160 2088,2161 2038,2161 1988,2161 1938,2161 1887,2161 1837,2161 1787,2161 1737,2160 1686,2160 1636,2160 1586,2158 1536,2158 1485,2157 1435,2157 1385,2157 1335,2155 1284,2155 1234,2155 1184,2154 1134,2154"/>
                <Baseline points="1134,2174 1184,2174 1234,2175 1284,2175 1335,2175 1385,2177 1435,2177 1485,2177 1536,2178 1586,2178 1636,2180 1686,2180 1737,2180 1787,2181 1837,2181 1887,2181 1938,2181 1988,2181 2038,2181 2088,2181 2139,2180"/>
                <TextEquiv>
                    <Unicode>in Anwendung kam, iſt einfach und würdig; das gilt von der</Unicode>
                </TextEquiv>
            </TextLine>
            <TextLine id="r2l50" custom="readingOrder {index:47;}">
                <Coords points="1139,2227 1188,2229 1238,2229 1288,2229 1338,2230 1388,2230 1437,2230 1487,2232 1537,2232 1587,2232 1637,2233 1686,2233 1736,2233 1786,2233 1836,2235 1886,2235 1935,2235 1985,2235 2035,2235 2085,2236 2146,2236 2146,2206 2085,2206 2035,2205 1985,2205 1935,2205 1886,2205 1836,2205 1786,2203 1736,2203 1686,2203 1637,2203 1587,2202 1537,2202 1487,2202 1437,2200 1388,2200 1338,2200 1288,2199 1238,2199 1188,2199 1139,2197"/>
                <Baseline points="1139,2217 1188,2219 1238,2219 1288,2219 1338,2220 1388,2220 1437,2220 1487,2222 1537,2222 1587,2222 1637,2223 1686,2223 1736,2223 1786,2223 1836,2225 1886,2225 1935,2225 1985,2225 2035,2225 2085,2226 2138,2225"/>
                <TextEquiv>
                    <Unicode>Einfaſſung der Doppelcolumnen und von den meiſten Initialen,</Unicode>
                </TextEquiv>
            </TextLine>
            <TextLine id="r2l51" custom="readingOrder {index:48;}">
                <Coords points="1133,2271 1183,2271 1233,2271 1283,2272 1333,2272 1383,2272 1433,2273 1484,2274 1534,2274 1584,2275 1634,2275 1684,2275 1734,2275 1784,2277 1835,2277 1885,2277 1935,2277 1985,2278 2035,2278 2085,2278 2136,2277 2136,2247 2085,2248 2035,2248 1985,2248 1935,2247 1885,2247 1835,2247 1784,2247 1734,2245 1684,2245 1634,2245 1584,2245 1534,2244 1484,2244 1433,2243 1383,2242 1333,2242 1283,2242 1233,2241 1183,2241 1133,2241"/>
                <Baseline points="1133,2261 1183,2261 1233,2261 1283,2262 1333,2262 1383,2262 1433,2263 1484,2264 1534,2264 1584,2265 1634,2265 1684,2265 1734,2265 1784,2267 1835,2267 1885,2267 1935,2267 1985,2268 2035,2268 2085,2268 2136,2267"/>
                <TextEquiv>
                    <Unicode>deren mehrere eigens für die betreffenden Meſſen (z. B. von Epi⸗</Unicode>
                </TextEquiv>
            </TextLine>
            <TextLine id="r2l52" custom="readingOrder {index:49;}">
                <Coords points="1134,2316 1183,2316 1233,2316 1283,2316 1333,2316 1383,2316 1432,2316 1482,2316 1532,2316 1582,2317 1632,2317 1681,2317 1731,2319 1781,2319 1831,2319 1881,2320 1930,2320 1980,2320 2030,2320 2080,2320 2154,2320 2154,2290 2080,2290 2030,2290 1980,2290 1930,2290 1881,2290 1831,2289 1781,2289 1731,2289 1681,2287 1632,2287 1582,2287 1532,2286 1482,2286 1432,2286 1383,2286 1333,2286 1283,2286 1233,2286 1183,2286 1134,2286"/>
                <Baseline points="1134,2306 1183,2306 1233,2306 1283,2306 1333,2306 1383,2306 1432,2306 1482,2306 1532,2306 1582,2307 1632,2307 1681,2307 1731,2309 1781,2309 1831,2309 1881,2310 1930,2310 1980,2310 2030,2310 2080,2310 2146,2311"/>
                <TextEquiv>
                    <Unicode>phanie, Coena Domini, Parasceve, Oſtern, Pfingſten u. ſ. w.)</Unicode>
                </TextEquiv>
            </TextLine>
            <TextLine id="r2l53" custom="readingOrder {index:50;}">
                <Coords points="1134,2358 1184,2358 1234,2358 1284,2356 1335,2356 1385,2356 1435,2356 1485,2358 1536,2358 1586,2358 1636,2359 1686,2359 1737,2359 1787,2361 1837,2361 1887,2361 1938,2361 1988,2362 2038,2362 2088,2361 2139,2361 2139,2331 2088,2331 2038,2332 1988,2332 1938,2331 1887,2331 1837,2331 1787,2331 1737,2329 1686,2329 1636,2329 1586,2328 1536,2328 1485,2328 1435,2326 1385,2326 1335,2326 1284,2326 1234,2328 1184,2328 1134,2328"/>
                <Baseline points="1134,2348 1184,2348 1234,2348 1284,2346 1335,2346 1385,2346 1435,2346 1485,2348 1536,2348 1586,2348 1636,2349 1686,2349 1737,2349 1787,2351 1837,2351 1887,2351 1938,2351 1988,2352 2038,2352 2088,2351 2139,2351"/>
                <TextEquiv>
                    <Unicode>geſchnitten ſind. Sehr ſchön iſt das Chriſti Geburt darſtellende</Unicode>
                </TextEquiv>
            </TextLine>
            <TextLine id="r2l54" custom="readingOrder {index:51;}">
                <Coords points="1139,2400 1189,2400 1239,2400 1290,2401 1340,2401 1391,2401 1441,2401 1491,2403 1542,2403 1592,2403 1643,2403 1693,2403 1743,2404 1794,2404 1844,2404 1895,2404 1945,2404 1995,2404 2046,2406 2096,2406 2147,2406 2147,2376 2096,2376 2046,2376 1995,2374 1945,2374 1895,2374 1844,2374 1794,2374 1743,2374 1693,2373 1643,2373 1592,2373 1542,2373 1491,2373 1441,2371 1391,2371 1340,2371 1290,2371 1239,2370 1189,2370 1139,2370"/>
                <Baseline points="1139,2390 1189,2390 1239,2390 1290,2391 1340,2391 1391,2391 1441,2391 1491,2393 1542,2393 1592,2393 1643,2393 1693,2393 1743,2394 1794,2394 1844,2394 1895,2394 1945,2394 1995,2394 2046,2396 2096,2396 2147,2396"/>
                <TextEquiv>
                    <Unicode>Foliobild beim Weihnachtsfeſte; auch der Stahlſtich vor dem</Unicode>
                </TextEquiv>
            </TextLine>
            <TextLine id="r2l55" custom="readingOrder {index:52;}">
                <Coords points="1134,2442 1184,2442 1235,2443 1285,2443 1336,2444 1387,2445 1437,2445 1488,2445 1539,2446 1589,2446 1640,2448 1691,2448 1741,2448 1792,2448 1843,2448 1893,2449 1944,2449 1995,2449 2045,2448 2096,2448 2147,2448 2147,2418 2096,2418 2045,2418 1995,2419 1944,2419 1893,2419 1843,2418 1792,2418 1741,2418 1691,2418 1640,2418 1589,2416 1539,2416 1488,2415 1437,2415 1387,2415 1336,2414 1285,2413 1235,2413 1184,2412 1134,2412"/>
                <Baseline points="1134,2432 1184,2432 1235,2433 1285,2433 1336,2434 1387,2435 1437,2435 1488,2435 1539,2436 1589,2436 1640,2438 1691,2438 1741,2438 1792,2438 1843,2438 1893,2439 1944,2439 1995,2439 2045,2438 2096,2438 2147,2438"/>
                <TextEquiv>
                    <Unicode>Canon und der beim Pfingſtfeſte sind gut; weniger hat uns der</Unicode>
                </TextEquiv>
            </TextLine>
            <TextLine id="r2l56" custom="readingOrder {index:53;}">
                <Coords points="1133,2485 1183,2487 1233,2487 1284,2488 1334,2488 1385,2490 1435,2490 1485,2490 1536,2491 1586,2491 1637,2491 1687,2491 1737,2491 1788,2491 1838,2491 1889,2491 1939,2491 1989,2491 2040,2491 2090,2491 2141,2491 2141,2461 2090,2461 2040,2461 1989,2461 1939,2461 1889,2461 1838,2461 1788,2461 1737,2461 1687,2461 1637,2461 1586,2461 1536,2461 1485,2460 1435,2460 1385,2460 1334,2458 1284,2458 1233,2457 1183,2457 1133,2455"/>
                <Baseline points="1133,2475 1183,2477 1233,2477 1284,2478 1334,2478 1385,2480 1435,2480 1485,2480 1536,2481 1586,2481 1637,2481 1687,2481 1737,2481 1788,2481 1838,2481 1889,2481 1939,2481 1989,2481 2040,2481 2090,2481 2141,2481"/>
                <TextEquiv>
                    <Unicode>beim Oſterfeſte angeſprochen ¹). Zur Veranſchaulichung des modus</Unicode>
                </TextEquiv>
            </TextLine>
            <TextLine id="r2l57" custom="readingOrder {index:54;}">
                <Coords points="1166,2592 1214,2592 1262,2593 1311,2593 1359,2595 1408,2595 1456,2595 1505,2595 1553,2595 1602,2595 1650,2595 1698,2595 1747,2595 1795,2595 1844,2596 1892,2596 1941,2596 1989,2596 2038,2598 2086,2598 2135,2599 2135,2569 2086,2568 2038,2568 1989,2566 1941,2566 1892,2566 1844,2566 1795,2565 1747,2565 1698,2565 1650,2565 1602,2565 1553,2565 1505,2565 1456,2565 1408,2565 1359,2565 1311,2563 1262,2563 1214,2562 1166,2562"/>
                <Baseline points="1166,2582 1214,2582 1262,2583 1311,2583 1359,2585 1408,2585 1456,2585 1505,2585 1553,2585 1602,2585 1650,2585 1698,2585 1747,2585 1795,2585 1844,2586 1892,2586 1941,2586 1989,2586 2038,2588 2086,2588 2135,2589"/>
                <TextEquiv>
                    <Unicode>1) H. Deſſain in Mecheln hat zu ſeiner neueſten Groß⸗Folio Aus⸗</Unicode>
                </TextEquiv>
            </TextLine>
            <TextLine id="r2l58" custom="readingOrder {index:55;}">
                <Coords points="1121,2631 1190,2631 1240,2629 1291,2629 1341,2629 1391,2629 1442,2629 1492,2629 1542,2629 1593,2631 1643,2631 1693,2631 1744,2632 1794,2632 1844,2632 1895,2634 1945,2634 1995,2634 2046,2635 2096,2635 2147,2635 2147,2605 2096,2605 2046,2605 1995,2604 1945,2604 1895,2604 1844,2602 1794,2602 1744,2602 1693,2601 1643,2601 1593,2601 1542,2599 1492,2599 1442,2599 1391,2599 1341,2599 1291,2599 1240,2599 1190,2601 1121,2601"/>
                <Baseline points="1134,2621 1190,2621 1240,2619 1291,2619 1341,2619 1391,2619 1442,2619 1492,2619 1542,2619 1593,2621 1643,2621 1693,2621 1744,2622 1794,2622 1844,2622 1895,2624 1945,2624 1995,2624 2046,2625 2096,2625 2147,2625"/>
                <TextEquiv>
                    <Unicode>gabe des Miſſale (1866) ſechs Bilder ſtechen laſſen, welche auch</Unicode>
                </TextEquiv>
            </TextLine>
            <TextLine id="r2l59" custom="readingOrder {index:56;}">
                <Coords points="1133,2665 1183,2665 1233,2665 1283,2665 1333,2665 1383,2665 1433,2665 1483,2665 1533,2665 1583,2665 1634,2665 1684,2665 1734,2667 1784,2667 1834,2667 1884,2668 1934,2668 1984,2670 2034,2670 2084,2671 2135,2673 2135,2643 2084,2641 2034,2640 1984,2640 1934,2638 1884,2638 1834,2637 1784,2637 1734,2637 1684,2635 1634,2635 1583,2635 1533,2635 1483,2635 1433,2635 1383,2635 1333,2635 1283,2635 1233,2635 1183,2635 1133,2635"/>
                <Baseline points="1133,2655 1183,2655 1233,2655 1283,2655 1333,2655 1383,2655 1433,2655 1483,2655 1533,2655 1583,2655 1634,2655 1684,2655 1734,2657 1784,2657 1834,2657 1884,2658 1934,2658 1984,2660 2034,2660 2084,2661 2135,2663"/>
                <TextEquiv>
                    <Unicode>einzeln zu haben ſind. (Jedes Bild zu 1 Thlr. 10 Sgr., alle ſechs</Unicode>
                </TextEquiv>
            </TextLine>
            <TextLine id="r2l60" custom="readingOrder {index:57;}">
                <Coords points="1128,2704 1189,2704 1239,2703 1289,2703 1339,2703 1389,2703 1439,2703 1489,2703 1539,2703 1589,2703 1640,2703 1690,2703 1740,2703 1790,2704 1840,2704 1890,2704 1940,2706 1990,2706 2040,2706 2090,2707 2141,2709 2141,2679 2090,2677 2040,2676 1990,2676 1940,2676 1890,2674 1840,2674 1790,2674 1740,2673 1690,2673 1640,2673 1589,2673 1539,2673 1489,2673 1439,2673 1389,2673 1339,2673 1289,2673 1239,2673 1189,2674 1128,2674"/>
                <Baseline points="1130,2694 1180,2694 1239,2693 1289,2693 1339,2693 1389,2693 1439,2693 1489,2693 1539,2693 1589,2693 1640,2693 1690,2693 1740,2693 1790,2694 1840,2694 1890,2694 1940,2696 1990,2696 2040,2696 2090,2697 2141,2699"/>
                <TextEquiv>
                    <Unicode>zuſammen in einem Portefeuille zu 6 Thlr. 12 Sgr., mit dem Titel</Unicode>
                </TextEquiv>
            </TextLine>
            <TextLine id="r2l61" custom="readingOrder {index:58;}">
                <Coords points="1134,2740 1186,2739 1239,2739 1291,2739 1344,2739 1396,2739 1449,2739 1502,2739 1554,2739 1607,2739 1659,2739 1712,2740 1764,2740 1817,2742 1870,2742 1922,2742 1975,2743 2027,2743 2080,2745 2133,2745 2133,2715 2080,2715 2027,2713 1975,2713 1922,2712 1870,2712 1817,2712 1764,2710 1712,2710 1659,2709 1607,2709 1554,2709 1502,2709 1449,2709 1396,2709 1344,2709 1291,2709 1239,2709 1186,2709 1134,2710"/>
                <Baseline points="1134,2730 1186,2729 1239,2729 1291,2729 1344,2729 1396,2729 1449,2729 1502,2729 1554,2729 1607,2729 1659,2729 1712,2730 1764,2730 1817,2732 1870,2732 1922,2732 1975,2733 2027,2733 2080,2735 2133,2735"/>
                <TextEquiv>
                    <Unicode>7 Thlr. 6 Sgr.) Sie ſind gezeichnet von Molitor und Deger, ge⸗</Unicode>
                </TextEquiv>
            </TextLine>
            <TextLine id="r2l62" custom="readingOrder {index:59;}">
                <Coords points="1128,2779 1189,2778 1240,2776 1290,2776 1341,2775 1391,2775 1442,2775 1492,2775 1543,2775 1593,2775 1644,2775 1695,2776 1745,2776 1796,2778 1846,2778 1897,2779 1947,2779 1998,2781 2048,2781 2099,2782 2150,2782 2150,2752 2099,2752 2048,2751 1998,2751 1947,2749 1897,2749 1846,2748 1796,2748 1745,2746 1695,2746 1644,2745 1593,2745 1543,2745 1492,2745 1442,2745 1391,2745 1341,2745 1290,2746 1240,2746 1189,2748 1128,2749"/>
                <Baseline points="1128,2771 1189,2768 1240,2766 1290,2766 1341,2765 1391,2765 1442,2765 1492,2765 1543,2765 1593,2765 1644,2765 1695,2766 1745,2766 1796,2768 1846,2768 1897,2769 1947,2769 1998,2771 2048,2771 2099,2772 2150,2772"/>
                <TextEquiv>
                    <Unicode>ſtochen von Keller, Steifenſand und andern tüchtigen Künſtlern. Sie</Unicode>
                </TextEquiv>
            </TextLine>
            <TextLine id="r2l63" custom="readingOrder {index:60;}">
                <Coords points="1130,2817 1180,2814 1230,2812 1280,2812 1331,2811 1381,2811 1431,2811 1481,2811 1532,2812 1582,2812 1632,2814 1682,2814 1733,2815 1783,2815 1833,2817 1883,2817 1934,2817 1984,2817 2034,2817 2084,2817 2135,2815 2135,2785 2084,2787 2034,2787 1984,2787 1934,2787 1883,2787 1833,2787 1783,2785 1733,2785 1682,2784 1632,2784 1582,2782 1532,2782 1481,2781 1431,2781 1381,2781 1331,2781 1280,2782 1230,2782 1180,2784 1130,2787"/>
                <Baseline points="1130,2807 1180,2804 1230,2802 1280,2802 1331,2801 1381,2801 1431,2801 1481,2801 1532,2802 1582,2802 1632,2804 1682,2804 1733,2805 1783,2805 1833,2807 1883,2807 1934,2807 1984,2807 2034,2807 2084,2807 2135,2805"/>
                <TextEquiv>
                    <Unicode>entſprechen — ſo wird uns von einem Kunſtverſtändigen geſagt —</Unicode>
                </TextEquiv>
            </TextLine>
            <TextLine id="r2l64" custom="readingOrder {index:61;}">
                <Coords points="1133,2851 1183,2850 1234,2848 1285,2848 1335,2848 1386,2848 1437,2848 1487,2848 1538,2849 1589,2850 1640,2850 1690,2851 1741,2851 1792,2853 1842,2853 1893,2853 1944,2854 1994,2854 2045,2853 2096,2853 2147,2851 2147,2821 2096,2823 2045,2823 1994,2824 1944,2824 1893,2823 1842,2823 1792,2823 1741,2821 1690,2821 1640,2820 1589,2820 1538,2819 1487,2818 1437,2818 1386,2818 1335,2818 1285,2818 1234,2818 1183,2820 1133,2821"/>
                <Baseline points="1133,2841 1183,2840 1234,2838 1285,2838 1335,2838 1386,2838 1437,2838 1487,2838 1538,2839 1589,2840 1640,2840 1690,2841 1741,2841 1792,2843 1842,2843 1893,2843 1944,2844 1994,2844 2045,2843 2096,2843 2147,2841"/>
                <TextEquiv>
                    <Unicode>vollkommen ihrem Zweck und zeichnen ſich durch eine des Gegen⸗</Unicode>
                </TextEquiv>
            </TextLine>
            <TextLine id="r2l65" custom="readingOrder {index:62;}">
                <Coords points="1142,2887 1191,2886 1241,2886 1291,2884 1340,2884 1390,2884 1440,2884 1489,2884 1539,2886 1589,2886 1639,2886 1688,2887 1738,2888 1788,2889 1837,2889 1887,2890 1937,2890 1986,2890 2036,2890 2086,2890 2136,2889 2136,2859 2086,2860 2036,2860 1986,2860 1937,2860 1887,2860 1837,2859 1788,2859 1738,2858 1688,2857 1639,2856 1589,2856 1539,2856 1489,2854 1440,2854 1390,2854 1340,2854 1291,2854 1241,2856 1191,2856 1142,2857"/>
                <Baseline points="1142,2877 1191,2876 1241,2876 1291,2874 1340,2874 1390,2874 1440,2874 1489,2874 1539,2876 1589,2876 1639,2876 1688,2877 1738,2878 1788,2879 1837,2879 1887,2880 1937,2880 1986,2880 2036,2880 2086,2880 2136,2879"/>
                <TextEquiv>
                    <Unicode>ſtandes würdige Auffaſſung, durch correcte Zeichnung und ſchöne</Unicode>
                </TextEquiv>
            </TextLine>
            <TextLine id="r2l66" custom="readingOrder {index:63;}">
                <Coords points="1130,2923 1180,2922 1231,2921 1282,2920 1332,2920 1383,2920 1434,2920 1484,2922 1535,2922 1586,2922 1637,2923 1687,2923 1738,2925 1789,2925 1839,2925 1890,2926 1941,2926 1991,2926 2042,2925 2093,2925 2144,2925 2144,2895 2093,2895 2042,2895 1991,2896 1941,2896 1890,2896 1839,2895 1789,2895 1738,2895 1687,2893 1637,2893 1586,2892 1535,2892 1484,2892 1434,2890 1383,2890 1332,2890 1282,2890 1231,2891 1180,2892 1130,2893"/>
                <Baseline points="1130,2913 1180,2912 1231,2911 1282,2910 1332,2910 1383,2910 1434,2910 1484,2912 1535,2912 1586,2912 1637,2913 1687,2913 1738,2915 1789,2915 1839,2915 1890,2916 1941,2916 1991,2916 2042,2915 2093,2915 2144,2915"/>
                <TextEquiv>
                    <Unicode>Gewandung vor vielen ähnlichen Blättern aus. Die Zeichnungen</Unicode>
                </TextEquiv>
            </TextLine>
            <TextLine id="r2l67" custom="readingOrder {index:64;}">
                <Coords points="1136,2958 1192,2958 1242,2956 1292,2956 1342,2956 1392,2956 1442,2958 1492,2958 1542,2958 1592,2959 1642,2959 1692,2960 1742,2961 1792,2961 1842,2962 1892,2962 1942,2962 1992,2962 2042,2962 2092,2961 2142,2961 2142,2931 2092,2931 2042,2932 1992,2932 1942,2932 1892,2932 1842,2932 1792,2931 1742,2931 1692,2930 1642,2929 1592,2929 1542,2928 1492,2928 1442,2928 1392,2926 1342,2926 1292,2926 1242,2926 1192,2928 1136,2928"/>
                <Baseline points="1116,2945 1192,2948 1242,2946 1292,2946 1342,2946 1392,2946 1442,2948 1492,2948 1542,2948 1592,2949 1642,2949 1692,2950 1742,2951 1792,2951 1842,2952 1892,2952 1942,2952 1992,2952 2042,2952 2092,2951 2142,2951"/>
                <TextEquiv>
                    <Unicode>ſind durch den Stich in Linien⸗Manier treu, ſorgfältig und in den</Unicode>
                </TextEquiv>
            </TextLine>
            <TextLine id="r2l68" custom="readingOrder {index:65;}">
                <Coords points="1136,2995 1186,2995 1237,2995 1287,2995 1338,2995 1388,2995 1439,2996 1489,2997 1540,2997 1590,2997 1641,2998 1692,2998 1742,2998 1793,3000 1843,3000 1894,3000 1944,3000 1995,3000 2045,3000 2096,3000 2147,3000 2147,2970 2096,2970 2045,2970 1995,2970 1944,2970 1894,2970 1843,2970 1793,2970 1742,2968 1692,2968 1641,2968 1590,2967 1540,2967 1489,2967 1439,2966 1388,2965 1338,2965 1287,2965 1237,2965 1186,2965 1136,2965"/>
                <Baseline points="1136,2985 1186,2985 1237,2985 1287,2985 1338,2985 1388,2985 1439,2986 1489,2987 1540,2987 1590,2987 1641,2988 1692,2988 1742,2988 1793,2990 1843,2990 1894,2990 1944,2990 1995,2990 2045,2990 2096,2990 2147,2990"/>
                <TextEquiv>
                    <Unicode>Geiſt des Zeichnens eingehend wiedergegeben. Als beſonders ge⸗</Unicode>
                </TextEquiv>
            </TextLine>
            <TextEquiv>
                <Unicode>davon, daß auch die jugendliche Buchdruckerkunſt Alles aufbot,
die liturgiſchen Bücher, das Miſſale insbeſondere, in Rückſicht auf
Format, Typen und Verzierung auszuzeichnen. Seitdem aber
(in der zweiten Hälfte des 16. und im Laufe des 17. und 18.
Jahrhunderts) die kirchliche Kunſt in allen ihren Verzweigungen
immer mehr entartete und verfiel, wurde auch die typographiſche
Ausſtattung der liturgiſchen Bücher, die Miſſalien nicht ausge⸗
nommen, immer armſeliger und profaner. Der altehrwürdige, in
liturgiſchen Büchern ſeit Jahrhunderten ausſchließlich angewendete
gothiſche Schriftcharakter mußte der römiſchen Schrift weichen;
an die Stelle des Hochfolio trat bei den Miſſalien nicht ſelten
das Kleinfolio; die Initialen, ſofern überhaupt noch beſondere in
Anwendung kamen, ſind meiſtens geſchmacklos, zopfig, ohne alle
ſymbolische Bedeutung, die eingefügten größern Bilder oft geradezu
häßlich, Typen und Papier ſo ſchlecht als möglich; ſogar der
untermiſchte Rothdruck, das letzte Unterſcheidungsmerkmal zwiſchen
profanen und liturgiſchen Büchern, wurde in manchen Druckaus⸗
gaben des Miſſale nicht mehr beibehalten. Erſt in neueſter Zeit,
ſeitdem die kirchliche Kunſt in Deutſchland auf allen ihren Ge⸗
bieten einen neuen Aufſchwung genommen, hat man auch der
Ausſtattung unſerer liturgiſchen Bücher, der Miſſalien insbeſon⸗
dere, wieder eine größere Aufmerkſamkeit zugewendet. Das in
Wien von Reiß herausgegebene Miſſale hat eigentlichen Kunſtwerth;
ſehr würdig ausgeſtattet iſt auch das neueſte Miſſale von Puſtet;
dieſem kann ſich das oben angezeigte im Sommer 1865 bei
Köſel in Kempten erſchienene als ebenbürtig an die Seite ſtellen.
Durch ganz Deutſchland und durch Polen hin ſind Tauſende
und Tauſende von Miſſalien verbreitet, welche aus der vormals
fürſtlichen, nachmals Köſel’ſchen Buchdruckerei in Kempten hervor⸗
gingen, und die im Vergleich mit andern im Laufe des vorigen
und zu Anfang dieſes Jahrhunderts erſchienenen Ausgaben, des
Miſſale ſich vortheilhaft auszeichnen; ſie werden aber in jeder
Beziehung durch die neueſte Aufgabe weit übertroffen.
Das Format iſt mittleres Folio, das Papier ſchön und ſtark;
die Lettern, welche auf dem ſchönen Papier ſich fürs Auge ganz
wohlthuend präſentiren, ſind von entſprechender Größe, weder ſcharf
und kantig noch zu fett; beſonders ſchön und ſehr exact ausge⸗
führt iſt der Notendruck, und wir nehmen keinen Anſtand, zu
behaupten, in Rückſicht auf Dauerhaftigkeit ſowie in Rückſicht
auf Angemeſſenheit und Zweckmäßigkeit für das Auge des Cele⸗
branten gehöre das in Rede ſtehende Miſſale zum Vorzüglichſten,
was die Neuzeit hierin aufzuweiſen hat. — Beurtheilen wir es
vom artiſtiſchen Standpunkte aus, ſo können wir ihm allerdings
das Prädicat „ausgezeichnet” nicht zuerkennen; eine reiche ar⸗
tiſtiſche Ausſtattung hätte den Preis erhöht und in Folge deſſen
die Anſchaffung erſchwert. Was zum Zwecke der Decoration
in Anwendung kam, iſt einfach und würdig; das gilt von der
Einfaſſung der Doppelcolumnen und von den meiſten Initialen,
deren mehrere eigens für die betreffenden Meſſen (z. B. von Epi⸗
phanie, Coena Domini, Parasceve, Oſtern, Pfingſten u. ſ. w.)
geſchnitten ſind. Sehr ſchön iſt das Chriſti Geburt darſtellende
Foliobild beim Weihnachtsfeſte; auch der Stahlſtich vor dem
Canon und der beim Pfingſtfeſte sind gut; weniger hat uns der
beim Oſterfeſte angeſprochen ¹). Zur Veranſchaulichung des modus
1) H. Deſſain in Mecheln hat zu ſeiner neueſten Groß⸗Folio Aus⸗
gabe des Miſſale (1866) ſechs Bilder ſtechen laſſen, welche auch
einzeln zu haben ſind. (Jedes Bild zu 1 Thlr. 10 Sgr., alle ſechs
zuſammen in einem Portefeuille zu 6 Thlr. 12 Sgr., mit dem Titel
7 Thlr. 6 Sgr.) Sie ſind gezeichnet von Molitor und Deger, ge⸗
ſtochen von Keller, Steifenſand und andern tüchtigen Künſtlern. Sie
entſprechen — ſo wird uns von einem Kunſtverſtändigen geſagt —
vollkommen ihrem Zweck und zeichnen ſich durch eine des Gegen⸗
ſtandes würdige Auffaſſung, durch correcte Zeichnung und ſchöne
Gewandung vor vielen ähnlichen Blättern aus. Die Zeichnungen
ſind durch den Stich in Linien⸗Manier treu, ſorgfältig und in den
Geiſt des Zeichnens eingehend wiedergegeben. Als beſonders ge⸗</Unicode>
            </TextEquiv>
        </TextRegion>
    </Page>
</PcGts>
