2214 3072
71 70 137 106 29
636 85 1596 127 Nr. 1 — Theologiſches Literaturblatt — 1866.
2112 106 2160 134 30
84 177 1089 231 Sammlung von klaſſiſchen Werken der neuern katholiſchen
114 222 1044 274 Literatur Englands in deutſcher Ueberſetzung. XXI. Band:
159 270 1083 328 Newman, Dr. J. H., Superior der Oratorianer
126 312 1086 373 in Birmingham, Geſchichte meiner religiöſen
120 355 1077 415 Meinungen. Mit Genehmigung des Verfaſſers über⸗
117 396 1074 457 ſetzt von G. Schündelen, Pfarrer zu Spellen. 432 Sei⸗
119 442 591 498 ten 8. Preis broch. 1 Thaler.
156 501 1097 559 Der bedeutendſte Theologe und einer der tüchtigſten Schrift⸗
74 532 1083 597 ſteller, welche England gegenwärtig beſitzt, berichtet in dieſem Buche
78 570 1082 633 über den Gang ſeiner religiöſen Bildung und Entwickelung, über
72 606 1079 670 die äußern und innern Kämpfe, welche er als das hervorragendſte
86 645 1073 706 Mitglied der Puſeyitiſchen Partei zu Oxford durchgemacht, und
71 679 1077 744 über die allmählige Entſtehung und Befeſtigung ſeiner Ueberzeugung
71 717 1085 778 von der Wahrheit der katholiſchen Kirche, zu welcher er im Jahre
77 753 1092 816 1845 zurückkehrte. Die Veranlaſſung zur Abfaſſung dieſer Schrift
71 790 1083 853 boten die Verdächtigungen, welche der engliſche Schriftſteller Prof.
77 828 1076 891 Kingsley gegen Newman’s Wahrhaftigkeit und Aufrichtigkeit ausge⸗
80 867 1083 925 ſprochen hatte; ſie erſchien unter dem Titel Apologia pro vita sua.
77 903 1100 961 In der zweiten Auflage wurde alles ausgeſchieden, was nur vor⸗
72 936 1077 999 übergehendes Intereſſe zu haben ſchien, und der Titel History of
71 973 1082 1036 my religious opinions gewählt. Dieſe zweite Auflage liegt der
77 1011 1070 1072 deutſchen Ueberſetzung zu Grunde; in der Einleitung hat der Ueber⸗
76 1048 1092 1108 ſetzer aber ausführlich über den Streit zwiſchen Newman und Kings⸗
71 1083 1083 1143 ley berichtet. Das Buch hat in England bei allen Parteien das
69 1119 1086 1182 größte Aufſehen erregt. Die „Times” ſagt darüber: „Die lebendige
75 1155 1076 1216 Natürlichkeit dieſes Abriſſes von Dr. Newman’s Leben in der eng⸗
83 1192 1079 1252 liſchen Kirche mit ſeinen Erinnerungen an ſo viele ausgezeichnete
86 1231 1085 1288 Männer . . . . wird dieſem Buche gewiß einen großen Leſerkreis
77 1266 1082 1327 verſchaffen . . . . Eine Controversſchrift will die Apologia nicht
68 1302 1080 1363 ſein; ſie will nur der Vergangenheit gedenken und ſie widerſpiegeln;
86 1339 1082 1399 und das geſchieht in ihr mit ungewöhnlichem Leben und ungewöhn⸗
81 1374 1080 1437 licher Kraft, ſowie mit allen jenen Reizen natürlicher Empfindungs⸗
80 1408 1079 1474 und Ausdrucksweiſe, welche dem Verfaſſer in den Jahren, wovon
74 1444 1079 1510 er uns erzählt, innerhalb unſerer Kirche einen ſo unvergleichlichen
74 1480 1085 1545 hohen und weit verbreiteten Einfluß verſchafften. Das Buch iſt ein
71 1516 1077 1582 überaus werthvoller Beitrag zu unſerer Kirchengeſchichte, hilft in
80 1552 1076 1618 der Schilderung jener tief bewegten Zeit einem wahren Bedürfniſſe
71 1590 1080 1654 ab und thut das in der Weiſe, wie keine andere Feder dazu im
86 1627 1094 1692 Stande geweſen wäre.” Aehnlich äußerten ſich die andern bedeuten⸗
72 1662 1074 1729 dern Zeitungen und Zeitſchriften. Es iſt nicht zu bezweifeln, daß
74 1699 1079 1765 die Schrift in der vorliegenden, von ſachkundiger und geübter Hand
80 1738 1083 1801 angefertigten Ueberſetzung auch in Deutſchland bei Allen, welche ſich
75 1773 1088 1837 für religiöſe Fragen intereſſiren, eine günſtige Aufnahme finden wird.
147 1854 1083 1926 Von Dr. J. H. Newman iſt ferner in demſelben Verlage
72 1890 597 1950 in deutſcher Ueberſetzung erſchienen:
69 1944 1071 2014 „Kalliſta.” Eine Erzählung aus dem dritten Jahrhundert. 4. Auf⸗
104 1986 735 2043 flage. 336 Seiten 8. Preis 22½ Sgr.
59 2025 1079 2095 Weſen und Wirken der Univerſitäten. 288 Seiten 8. Preis
101 2062 227 2100 18 Sgr.
59 2107 1076 2176 Die Kirche der Väter. Bilder aus dem Leben und den Schriften
102 2145 1071 2212 der Väter des vierten und fünften Jahrhunderts. 272 Seiten 8.
113 2182 305 2224 Preis 20 Sgr.
65 2221 1079 2296 Vorträge und Reden, zunächſt an der kath. Univerſität zu Dublin
96 2262 780 2328 gehalten. 336 Seiten 8. Preis 22½ Sgr.
66 2301 1070 2377 Verluſt und Gewinn. Eine Erzählung. 432 Seiten 8. Preis
102 2340 207 2379 1 Thlr.
53 2437 1073 2515 Bach, Dr. M., Studien und Leſefrüchte aus dem
105 2487 1073 2557 Buche der Natur. Für jeden Gebildeten, zunächſt für die
98 2532 1084 2604 reifere Jugend und ihre Lehrer. 328 Seiten. Broch. 24 Sgr.
131 2587 1070 2656 Nach einer fünfundzwanzigjährigen Arbeit auf dem Gebiete der
59 2619 1076 2695 Naturwiſſenſchaft, deren Reſultate der Verfaſſer bereits vielfach
59 2653 1082 2729 einzeln in Zeitſchriften veröffentlicht hat, bietet er dieſelben hier ge⸗
66 2691 1077 2764 ſammelt und zu einem Ganzen vereinigt den Lehrern, Eltern und
60 2725 1068 2799 Schülern höherer Schulen dar. Das Studium der Natur iſt ein
62 2761 1071 2835 mächtiger Hebel zur Geiſtesbildung und nutzenbringend für’s prak⸗
65 2797 1068 2871 tiſche Leben; aber auch für die Ausbildung des ſittlich⸗religiöſen
59 2832 1070 2908 Gefühls bietet außer dem Religionsunterrichte kaum ein anderer
56 2869 1068 2943 Lehrgegenſtand ſo viel Stoff, als eben der Unterricht in der Natur⸗
57 2907 1067 2980 geſchichte. Eine rechte Naturforſchung, im Geiſte des Chriſtenthums
59 2940 1070 3018 ausgeführt, muß nothwendig zur wahren Gottesfurcht, Andacht und
1148 189 2150 232 Nächſtenliebe begeiſtern. Dieſes ſchöne Ziel will der Verfaſſer er⸗
1140 225 2144 271 reichen und zugleich Anleitung geben, ſelbſtſtändige Beobachtungen
1137 262 2153 307 zu machen; darum führt er vorzüglich ſolche Gegenſtände vor, welche
1143 298 2147 343 geeignet ſind, das Walten einer höhern Macht in der Natur zu er⸗
1142 334 2147 379 kennen, und gibt Anleitung, die Naturgegenſtände vom äſthetiſchen
1139 370 2148 417 Standpunkte aus aufzufaſſen, ſo daß ſich über den ganzen Unterricht
1140 408 2163 454 ein gewiſſer poetiſcher Hauch verbreitet. Der Verfaſſer ſchließt ſich
1140 444 2164 487 in dieſer Beziehung an den, durch ſeine Schulſchriften auf’s vortheil⸗
1143 483 2042 523 hafteſte bekannten Schulrath Dr. L. Kellner in Trier an.
1421 598 1869 636 Neue Unterhaltungsſchriften.
1134 669 2159 711 Zeitbilder in Erzählungen aus der Geſchichte
1169 706 2151 750 der chriſtlichen Kirche. I. Band: Hanani oder die
1172 742 2144 787 letzten Tage Jeruſalems. 224 Seiten 8. 1865. In eleg. Um⸗
1171 781 2151 823 ſchlag br. 20 Sgr. Il. Band: Sabinianus oder die erſten
1175 819 2142 861 Apoſtel Galliens. 240 Seiten 8. 1865. In eleg. Umſchlag
1172 855 2142 897 br. 20 Sgr. Unter der Preſſe: III. Band. Antonia oder die
1169 891 2147 934 Martyrer von Lyon. IV. Band. Kaiſer Julian, der Abtrün⸗
1182 930 2158 973 nige, und des Schatzmeiſters Töchterlein. V. Band: Severinus,
1169 967 1607 1003 der Apoſtel der Donauländer.
1215 1011 2151 1051 Die Verlagsbuchhandlung von J. P. Bachem hat für die
1140 1050 2139 1086 Uebertragung dieſer Erzählungen aus dem Franzöſiſchen die Be⸗
1146 1086 2151 1123 rechtigung erworben, und zu deren freier Bearbeitung die tüchtigſten
1151 1120 2141 1162 Kräfte gewonnen, ſo daß ſich in der deutſchen Ausgabe franzöſiſche
1148 1156 1823 1192 Eleganz mit deutſcher Gründlichkeit verbindet.
1223 1192 2148 1233 Die Hauptepochen der Gründungs⸗ und Entwicklungs⸗Ge⸗
1137 1228 2150 1270 ſchichte der Kirche werden in Bildern, welche Zeit und Zuſtände
1149 1264 2145 1308 charakteriſiren, anſchaulich geſchildert, um die Kenntniß von dem
1158 1302 2161 1342 Wirken und den Geſchicken der gottgeſtifteten Heilsanſtalt bei Sol⸗
1149 1339 2145 1380 chen zu befördern, bei denen eine rein wiſſenſchaftliche Darſtellung
1149 1377 2139 1417 nicht angebracht iſt. Nach dem Muſter der „Fabiola” bieten dieſe
1148 1413 2010 1450 Erzählungen ihren ernſten Kern in nicht zu harter Schale.
1214 1450 2135 1492 Die ganze Sammlung iſt auf fünfzehn bis zwanzig
1139 1485 2147 1525 Bände berechnet, welche die Kirchengeſchichte bis zum Ende des
1136 1522 2154 1563 vorigen Jahrhunderts durchführen werden. Jeder Band bildet je⸗
1148 1560 2138 1597 doch ein ſelbſtſtändiges Ganzes und iſt einzeln zu haben. Die
1136 1594 2154 1636 elegante Ausſtattung macht dieſe Bände beſonders auch zu Feſtge⸗
1132 1632 1418 1665 ſchenken geeignet.
1176 1746 1989 1783 Im Verlage der Unterzeichneten erſchien vor Kurzem:
1196 1827 2075 1864 Hellenismus und Chriſtenthum
1613 1885 1673 1918 oder
1175 1939 2108 1978 die geiſtige Reaction des antiken Heidenthums gegen das
1532 1984 1745 2020 Chriſtenthum.
1142 2043 2132 2080 Mit beſonderer Rückſicht auf die chriſtenfeindliche Literatur des
1241 2095 2027 2131 claſſiſchen Alterthums ſo wie auch der Gegenwart
1620 2154 1668 2184 Von
1461 2199 1823 2236 Dr. Heinrich Kellner.
1290 2253 1980 2292 Gr. 8. 29 Bogen. Broſch. 1 Thlr. 20 Sgr.
1178 2308 2145 2343 Der Haupt⸗Inhalt des Werkes umfaßt: a) Die Lage des
1142 2346 2151 2380 Chriſtenthums im Römiſchen Reiche. b) Allmähliches Hervortreten
1137 2382 1980 2413 des Chriſtenthums. Die geiſtige Reaction gegen daſſelbe.
1170 2418 2152 2451 I. Abſchnitt. Die Bekämpfung des Chriſtenthums vom Stand⸗
1145 2454 2150 2488 puncte des Skepticismus und der Negation. II. Abſchnitt. Das
1136 2490 2148 2523 Wiedererwachen des religiöſen Bedürfniſſes im Heidenthum und die
1143 2526 2145 2559 Sehnſucht nach dem Poſitiven. Der Neupythagoräismus. III. Ab⸗
1125 2559 2151 2594 ſchnitt. Die fundamentale Erneuerung des Heidenthums in religiös⸗
1137 2598 2147 2635 philoſophiſcher Hinſicht. Die Blüthenperiode des Neuplatonismus.
1133 2634 2138 2671 Gleichzeitige Erſcheinungen. IV. Abſchnitt. Das Stadium des über⸗
1134 2670 2145 2707 handnehmenden Aberglaubens und der Religionsmengerei. V. Ab⸗
1137 2709 2149 2744 ſchnitt. Die Anſtrengungen des Heidenthums, ſeine bürgerliche und
1128 2745 2135 2782 rechtliche Stellung zu behaupten. Der Kampf um die Exiſtenz.
1136 2781 2135 2818 VI. Abſchnitt. Die letzten philoſophiſch⸗theologiſchen Controverſen
1127 2817 2148 2853 zwiſchen heidniſchen und chriſtlichen Gelehrten. Der Nationalismus.
1130 2853 2148 2892 Die modernen Bearbeitungen des Lebens Jeſu verglichen mit den
1137 2889 1508 2920 Bearbeitungen der Alten.
1133 2943 2154 2985 M. DuMont⸗Schauberg’ſche Buchhandlung
1542 2988 1764 3024 in Köln.
