2212 3051
69 72 123 106 31
630 73 1590 108 Nr. 1 — Theologiſches Literaturblatt — 1866.
2096 76 2153 109 32
320 169 842 202 Neueſte Erſcheinungen
107 220 1038 258 aus der Herder’ſchen Verlagshandlung in Freiburg.
84 276 1071 312 Hettinger, Dr. Fr., Apologie des Chriſtenthums. Erſter
107 313 1079 349 Band in zwei Abtheilungen. Zweite, vermehrte Auflage. kl. 8.
108 348 1079 388 XII und 890 S. Preis: Thlr. 2. 10 Sgr. — fl. 4. — fl. 3.
111 384 333 418 50 kr. ö. W. B.
74 433 1073 466 Kieſel, Dr. K., Die Weltgeſchichte für höhere Schulen und
104 469 1076 504 Selbſtunterricht überſichtlich dargeſtellt. Zweite Auflage. Vierte
107 504 1087 543 Lieferung. gr. 8. Preis jeder Lieferung: 12 Sgr. — 42 kr. —
111 540 338 574 60 kr. ö. W. B.
72 586 1071 622 Laemmer, Dr. H., In decreta concilii Ruthenorum Za-
113 621 1084 658 mosciensis animadversiones theologico-canonicae. kl. 4.
99 657 702 693 63 S. Preis: 28 Sgr. — fl. 1. 36 kr.
62 705 1068 739 Lindemann, W., Geſchichte der deutſchen Literatur. Erſte
104 741 1076 777 und zweite Lieferung. gr. 8. 288 S. Preis jeder Lieferung:
114 775 1070 813 12 Sgr. — 42 kr. Dieſes Werk wird in 5 Lieferungen binnen
101 814 603 847 kurzer Friſt vollſtändig erſcheinen.
74 861 1077 895 Scheeben, Dr. M. J., Die Myſterien des Chriſtenthums.
104 897 1079 928 Weſen, Bedeutung und Zuſammenhang derſelben nach der in ihrem
108 933 1067 967 übernatürlichen Charakter gegebenen Perſpektive dargeſtellt. gr. 8.
111 969 899 1005 XV und 772 S. Preis: Thlr. 2. 10 Sgr. — fl. 4.
59 1015 1077 1047 Schuſter, Dr. J., Handbuch zur Bibliſchen Geſchichte des
105 1051 1071 1084 Alten und Neuen Teſtaments. Für den Unterricht in Kirche und
107 1089 1065 1120 Schule, ſowie zur Selbſtbelehrung. Mit vielen Holzſchnitten und
99 1123 1065 1158 Karten. Sechſte und ſiebente Lieferung (Schluß). gr. 8. XII
98 1158 1074 1197 u. 608 S. Preis: Thlr. 1. 6 Sgr. — fl. 2. — fl. 1. 80 kr.
95 1194 256 1227 ö. W. B.
171 1233 1068 1267 Das vollſtändige Werk in 7 Lieferungen oder 2 Bänden
101 1267 1010 1306 koſtet: Thlr. 4. 6 Sgr. — fl. 7. — fl. 6. 30 kr. ö. W. B.
65 1315 1094 1350 Speil, Dr. F., Die Lehren der katholiſchen Kirche gegen⸗
102 1350 1079 1384 über der proteſtantiſchen Polemik. gr. 8. IV u. 360 S. Preis:
108 1386 572 1420 Thlr. 1. 10 Sgr. — fl. 2. 12 kr.
75 1431 1077 1462 Voſen, Dr. Chr. H., Der Katholicismus und die Einſprüche
113 1467 1079 1500 ſeiner Gegner, dargeſtellt für jeden Gebildeten. Zweiter Band.
107 1502 1080 1537 gr. 8. IV u. 480 S. Preis: Thlr. 1. 15 Sgr. — fl. 2. 30 kr. —
98 1539 426 1573 fl. 2. 25 kr. ö. W. B.
177 1575 1074 1609 Das vollſtändige Werk in 2 Bänden koſtet Thlr. 2. 21 Sgr.
100 1609 701 1645 — fl. 4. 30 kr. — fl. 4. 5 kr. ö. W. B.
101 1687 1064 1723 Im Verlage des Unterzeichneten ſind im Laufe des Jahres 1865
65 1725 876 1758 erſchienen und durch alle Buchhandlungen zu beziehen:
66 1770 1073 1806 Becker, Dr. D., Die Kirche und die Naturforſchung. kl. 8.
105 1806 302 1840 geh. 7½ Sgr.
65 1852 1067 1888 Bernardus, des hl. Abtes und Kirchenlehrers, 73 Ermahnungs⸗
111 1890 1082 1926 reden über die Hauptpflichten des Chriſten. 8. geh.
102 1926 219 1956 Thlr. 1.
59 1972 1071 2005 Bosizio, P. A., Das Hexaemeron und die Geologie. 8.
105 2008 411 2040 geh. Thlr. 2. 10 Sgr.
74 2053 1076 2089 Brück, Dr. H., Die rationaliſtiſchen Beſtrebungen im
93 2089 1087 2122 kathol. Deutſchland, beſonders in den drei rheiniſchen Erz⸗
96 2124 1086 2160 bisthümern in der zweiten Hälfte des achtzehnten Jahrhunderts.
98 2161 341 2196 8. geh. 15 Sgr.
62 2206 1067 2242 Dalgairus, J. B., Der heil. Stephan Harding, Stifter
96 2241 1073 2277 des Ordens von Citeaux. Ein Zeit⸗ und Lebensbild. 8.
99 2280 275 2311 geh. 18 Sgr.
56 2323 1074 2361 Dieringer, Dr. F. X., Laienkatechismus über Religion,
95 2361 980 2395 Offenbarung und Kirche. 8. geh. Thlr. 1. 20 Sgr.
59 2404 1067 2442 Drexelius, J., Jeſus Chriſtus die Wonne des Menſchen⸗
92 2442 927 2478 geſchlechtes. 3 Bände. 8. geh. Thlr. 2. 15 Sgr.
65 2487 1071 2524 Haffner, Dr., Der Materialismus in der Culturgeſchichte.
92 2523 351 2557 8. geh. 24 Sgr.
66 2568 1067 2605 Ketteler, W. E., Biſchof von Mainz, Kann ein gläubiger Chriſt
110 2604 726 2644 Freimaurer ſein? 5. Auflage. 7½ Sgr.
65 2649 1070 2685 Martin, Dr. C., Biſchof von Paderborn, Das Ave Maria für
101 2685 848 2722 fromme Marien⸗Verehrer. 8. geh. 15 Sgr.
68 2728 1076 2764 Monfang, Dr. Ch., Cardinal Wiſeman und ſeine Ver⸗
92 2766 888 2803 dienſte um die Wiſſenſchaft. 8. geh. 6 Sgr.
65 2809 1061 2848 Sammlung von Aktenſtücken, bezüglich der Gründung einer
98 2848 1077 2884 freien kath. Univerſität in Deutſchland. Herausg. von
95 2883 656 2920 dem Centralcomité. 8. geh. 10 Sgr.
1133 171 2145 202 Schäzler, C. v., Natur und Uebernatur. Das Dogma von
1176 208 2148 238 der Gnade und die theol. Frage der Gegenwart. Eine Kritik der
1169 244 1883 276 Kuhn’ſchen Theologie. 8. geh. Thlr. 1. 15 Sgr.
1131 288 2166 322 Stöckl, Dr. A., Geschichte der Philosophie des Mit-
1172 324 2164 358 telalters. 1. Band. 8. geh. Thlr. 1. 22½ Sgr. 2. Band.
1163 361 2141 394 8. geh. Thlr. 4. 15 Sgr. Der dritte Band erscheint im Laufe
1166 397 1982 432 des Jahres 1866 und ist dann das Werk complet.
1235 444 1445 477 Mainz 1865.
1665 495 2057 529 Franz Kirchheim.
1167 600 2057 633 Einladung zur Pränumeration auf den II. Jahrgang 1866
1199 666 2094 700 Der Sendbote des göttlichen Herzens Jeſu.
1341 718 1935 751 Monatsſchrift des Gebets⸗Apoſtolates.
1254 778 2007 813 Mit Genehmigung der geiſtl. Obern herausgegeben
1611 829 1656 859 von
1476 879 1794 913 Joſeph Malfatti,
1178 915 2084 949 Prieſter der Geſellſchaft Jeſu und Direktor des Apoſtolates in Deutſchland.
1172 963 2133 999 Sämmtliche Poſt⸗Anſtalten nehmen Beſtellungen hierauf entgegen
1133 1000 2133 1035 und liefern den Jahrgang, aus 12 Heften gr. 8.⸗Format beſtehend,
1136 1036 2139 1072 für den ungemein billigen Preis von fl. 1. 12 kr. öſterr. Währ.,
1136 1074 1721 1107 fl. 1. 28 kr. ſüdd. Währ. oder 25 Ngr.
1172 1122 1623 1155 Innsbruck, Dezember 1855.
1737 1168 2049 1201 Felician Rauch’s
1683 1209 2094 1248 Verlagsbuchhandlung
1175 1311 2135 1344 Im Verlage der Henſen’ſchen Buchhandlung (Albert Jacobi)
1133 1347 2139 1381 in Aachen iſt ſo eben erſchienen und in allen Buchhandlungen zu
1131 1383 1224 1419 haben:
1481 1432 1785 1467 Die Ausſchließung
1635 1477 1653 1510 der
1200 1531 2073 1566 Selbſtmörder, öffentlichen Sünder
1632 1581 1647 1611 und
1326 1636 1962 1669 Sacramentenverſchmäher
1605 1683 1655 1717 vom
1460 1734 1802 1765 kirchlichen Begräbniſſe.
1358 1782 1925 1815 Eine Paſtoral⸗Diſſertation
1614 1828 1662 1858 von
1469 1875 1782 1906 Dr. E. Berriſch,
1413 1912 1863 1950 Pfarrer zu Niederau, Decanat Düren.
1541 1954 1721 1987 Breis 8 Sgr.
1130 2037 1908 2071 Pauls, P. Dr., Domprobſt in Aachen
1193 2076 2083 2119 7 Worte Jeſu am Kreuze. 2. Auflage. Preis 7½ Sgr.
1205 2116 2040 2158 7 Hauptſünden. 4. Auflage . . . . „7½ „
1206 2157 2025 2209 7 Haupttugenden. 2. Auflage . . . . „7½ „
1199 2191 1959 2244 Das Vaterunſer. 3. Auflage . . . . „7½ „
1202 2229 1884 2262 Der Kampf des Chriſten. 2. Auflage . „7½ „
1263 2260 1997 2296 (Alle 35 Faſtenpredigten zuſammen kosten 1 Thlr.)
1214 2301 2152 2332 Kurze Frühpredigten für alle Sonntage des katholiſchen Kirchen⸗
1130 2337 1664 2370 jahres. 5. Auflage. Preis 15 Sgr.
1530 2412 1737 2446 Vorbereitung
1572 2464 1686 2494 zu einer
1328 2520 1943 2559 glücklichen Ehe
1626 2578 1656 2608 für
1440 2622 1836 2656 Jünglinge und Jungfrauen
1230 2668 2036 2704 von einem Pfarrer der Erzdiöceſe Cöln.
1398 2716 1881 2752 Zweite vermehrte Auflage.
1322 2763 1955 2796 Mit Genehmigung der geiſtlichen Obrigkeit.
1539 2805 1730 2839 Preis 5 Sgr.
1211 2851 2153 2884 Der allgemeine Beifall, den dieſes Büchelchen beim hochwürdi⸗
1125 2890 2118 2922 gen Clerus gefunden hat, überhebt uns jeder weitern Empfehlung.
200 2955 1983 2994 Verantw. Redacteur Prof. Reuſch. — Verlag von A. Henry in Vonn. — Druck von Carl Georgi in Bonn.
