2217 3042
99 74 129 110 3
650 73 1608 110 Nr. 1 — Theologiſches Literaturblatt — 1866.
2132 64 2182 116 4
87 174 1098 205 Leſer aber bitte ich, bei der Beurtheilung der Leiſtungen des Lite⸗
101 216 1116 247 raturblattes die Schwierigkeiten nicht außer Acht zu laſſen, welche
101 258 1095 292 von einem derartigen Unternehmen namentlich im Anfange unzer⸗
93 300 320 334 trennlich ſind.
128 345 1101 376 Die Mitarbeiter ſind darin einig, daß ſie die literariſchen Fra⸗
98 388 1097 420 gen in kirchlichem und wiſſenſchaftlichem Geiſte erörtern wollen.
101 432 1112 463 Die Redaction hält ſich berechtigt und verpflichtet, Einſendungen,
95 474 1091 505 die dem Inhalte oder der Form nach für das Blatt nicht geeignet
82 514 1091 550 ſind, zurückzuweiſen. Im Uebrigen aber iſt jeder Mitarbeiter
95 561 1091 592 in der freien Aeußerung ſeiner wiſſenſchaftlichen Ueberzeugungen in
92 601 1089 637 den von ihm unterzeichneten Aufſätzen nicht beſchränkt. Die
92 646 1097 678 Redaction gibt demgemäß durch die Aufnahme eines Aufſatzes
80 690 1102 721 nicht ihre Zuſtimmung zu allen darin ausgeſprochenen Anſichten
96 732 1092 763 zu erkennen. Noch weniger ſind die Mitarbeiter für etwas An⸗
92 774 1092 808 deres verantwortlich als für das, was ſie ſelbſt geſchrieben. Die
89 819 1100 850 von dem Redacteur unterzeichneten Artikel haben in dieſer Hinſicht
84 858 588 892 vor den übrigen nichts voraus.
126 903 1094 936 Wenn das Literaturblatt ſich den Charakter einer wiſſen⸗
71 942 1104 979 ſchaftlichen Zeitſchrift wahren muß, ſo ſoll damit nicht geſagt
87 990 1095 1021 ſein, daß es ausſchließlich oder auch nur vorzugsweiſe für Ge⸗
80 1032 1082 1063 lehrte beſtimmt ſei. Redaction und Mitarbeiter werden ſich viel⸗
93 1073 1092 1108 mehr beſonders angelegen ſein laſſen, das Blatt nach Einrichtung,
90 1116 1089 1150 Inhalt und Form der Darſtellung zu einer für alle Geiſtlichen
93 1162 1086 1195 und gebildeten Laien, die ſich für theologiſche Wiſſenſchaft intereſ⸗
89 1204 1086 1241 ſiren, verſtändlichen, belehrenden und anziehenden Lectüre zu
80 1245 198 1281 machen.
872 1289 1004 1325 Reuſch.
333 1396 843 1432 Bibliſche Archäologie.
83 1468 1092 1500 Introductio in Sacram Scripturam auctore Val. Laur. de Biasi [Prof.
123 1503 1108 1537 an der theol. Facultät zu Olmütz]. Tom. I. A. u. d. T. Archaeo-
116 1542 1089 1573 logia biblica, originem, evolutionem et vitam humani generis
111 1579 1092 1609 domesticam, iuridico-politicam et religioso-moralem biblice
110 1615 1091 1645 exhibens, in theologorum, iuristarum politicorumque usum
113 1651 1089 1683 et commodum. Regensburg, Manz. 1865. XII u. 567 S. 8.
108 1686 273 1722 2 ¼ Thlr.
116 1755 1071 1788 Der Verf. nimmt die Bezeichnung „Einleitung in die h. Schrift”
81 1795 1098 1831 in der weitern Bedeutung, wonach ſie außer der gewöhnlich ſo⸗
78 1843 1083 1873 genannten Einleitung in das A. und N. T. auch die bibliſche
74 1883 1097 1915 Archäologie, die bibliſche Geſchichte und Geographie und die bibli⸗
80 1926 1077 1957 ſche Hermeneutik umfaßt. Auf den erſten, die Archäologie behan⸗
80 1969 1076 2001 delnden Band ſoll ein zweiter folgen, der die eigentliche Einlei⸗
83 2011 1096 2044 tung in das A. und N. T. (Bibliologia), und ein dritter, der
77 2053 1083 2086 die Geographia-Historia-Hermeneutica Biblica behandeln wird.
72 2097 1080 2128 (In welchem innern Zuſammenhange dieſe drei Fächer nach der
77 2139 1089 2170 Anſicht des Verf. ſtehen, daß er ſie S. 2 zuſammen als dritten
71 2181 1083 2214 Theil der geſammten bibliſchen Einleitung bezeichnet, und warum
68 2223 1080 2256 er die bibliſche Kritik nicht mit erwähnt, wird nicht angegeben.)
78 2266 1091 2299 Der Verf. motivirt dieſe Anlage ſeines Buches in den erſten
81 2308 1093 2341 Sätzen des Vorworts ſo: in der k. k. Miniſterialverordnung vom
77 2351 1092 2383 29. März 1858 werde die bibliſche Einleitung unter den obliga⸗
68 2393 1087 2427 toriſchen Unterrichtsgegenſtänden für die Theologie⸗Studirenden
63 2437 1089 2472 aufgezählt; es ſeien damit unzweifelhaft die ſämmtlichen oben ge⸗
63 2479 1074 2514 nannten Hülfswiſſenſchaften der Exegeſe gemeint; in der Praxis
65 2523 1073 2556 aber werde die Bezeichnung „bibliſche Einleitung” in der engern
74 2565 1079 2601 Bedeutung genommen; ſein Buch ſolle alſo den Intentionen der
62 2608 1082 2641 Miniſterialverordnung gerecht werden. Ein innerer, wiſſenſchaft⸗
69 2650 1080 2683 licher Grund für die Abweichung von dem jetzt herrſchenden Sprach⸗
62 2692 957 2727 gebrauche wird nicht angegeben, iſt auch nicht zu erſehen.
114 2736 1074 2770 Die gewöhnliche Eintheilung der bibliſchen Alterthümer in häus⸗
62 2778 1083 2812 liche, politiſche und religiöſe hat der Verf. beibehalten. Die
62 2823 1074 2854 einzelnen in Betracht kommenden Gegenſtände werden ſämmtlich,
65 2866 1070 2898 und durchgängig mit vollſtändiger Berückſichtigung der betref⸗
60 2908 1068 2941 fenden Bibelſtellen behandelt. Es werden aber vielfach unterge⸗
63 2952 1077 2985 ordnete Puncte mit unverhältnißmäßig großer, wichtige und ſchwie⸗
1160 169 2157 205 rige Puncte mit unverhältnißmäßg geringer Ausführlichkeit, be⸗
1153 209 2162 247 ſprochen. Der Artikel „de pastoritie biblica“ z. B. umfaßt 15
1163 255 2159 291 Seiten, die vier Paragraphen de venatione, praedatione, pis-
1163 298 2176 334 catione und apicultura biblica zuſammen über drei Seiten;
1163 342 2159 379 dagegen wird z. B. die Symbolik der Stiftshütte S. 411 in acht⸗
1166 384 2160 418 zehn Zeilen, die Symbolik der hohenprieſterlichen Kleidung S. 498
1154 427 2176 463 in zwölf Zeilen und die Frage über den Tag des letzten Abend⸗
1157 471 1926 502 mahls S. 473 auf anderthalb Seiten abgemacht.
1199 513 2156 550 Gerade die Seite, welche bei einer wiſſenſchaftlich⸗theologiſchen
1163 558 2168 592 Behandlung der bibliſchen Alterthümer von beſonderer Wichtigkeit
1146 600 2160 634 iſt, die Symbolik und Typik der altteſtamentlichen Inſtitutionen,
1154 642 2151 676 iſt ſehr mangelhaft. Was kann z. B. ungenügender ſein, als fol⸗
1161 685 2150 721 gende Bemerkung über die Symbolik der Stiftshütte? „Dieſes
1160 729 2170 763 Zelt hatte eine ſymboliſche Beziehung zu dem Hofe des Gott⸗
1148 771 2150 805 Königs, welche verſchieden entwickelt zu werden pflegt. Nach Philo
1148 814 2153 847 z. B. war das Ganze ein Symbol des Weltalls, in welchem
1164 854 2162 891 Gott herrſcht und verehrt wird, der Vorhof ein Symbol, des
1147 899 2177 934 ſichtbaren, das Heiligthum ein Symbol des unſichtbaren Theiles;
1154 942 2159 976 die vier Decken und die vier Farben ein Symbol der vier Ele⸗
1145 982 2153 1018 mente u. ſ. w. Nach Flavius war das Allerheiligſte ein Bild des
1163 1026 2156 1062 Himmels, das Heilige der Erde, der Vorhof des Meeres u. ſ. w.
1157 1068 2154 1105 Nach den h. Vätern iſt die Bedeutung dem Geſagten mehr oder
1154 1110 2154 1147 weniger entſprechend, mit hinzukommenden Erläuterungen: ſo konn⸗
1148 1153 2171 1193 ten z. B. nach dem h. Gregorius die drei Reihen von Teppichen,
1160 1197 2157 1231 welche ſeine verſchiedenen Theile trennten, — den Vorhof von
1148 1240 2162 1276 dem Raume außerhalb, das Heilige vom Vorhof, das Allerheiligſte
1151 1282 2159 1318 vom Heiligen — auf die Schwierigkeiten hinweiſen, welche bei
1149 1326 2157 1362 der Erſtrebung der Erkenntniß oder des Genuſſes der verborgenen
1148 1369 2157 1404 göttlichen Wunder zu überwinden ſind, und die vier Decken des
1157 1411 2154 1447 Zeltes auf die Nothwendigkeit, zur himmlischen Freude zu gelangen
1157 1452 2153 1489 entweder durch ein unſchuldiges Leben, welches durch die innerſte
1154 1494 2160 1533 koſtbarere Decke verſinnbildet wird, oder durch die drei Stufen der
1151 1537 2160 1575 Buße, welche die drei andern weniger koſtbaren Decken verſinn⸗
1145 1581 1568 1612 bilden, u. ſ. w. (S. 441).
1196 1623 2153 1660 Bei dieſen Puncten vermißt man mehr noch als bei andern
1144 1665 2159 1702 eine Berückſichtigung der reichhaltigen neuern Literatur. Zu der
1148 1710 2166 1746 angeführten Stelle wird zwar Bähr citirt; aber eine Bekannt⸗
1144 1753 2150 1789 ſchaft mit dem Inhalte ſeines bekannten Werkes darf man dem
1151 1797 2153 1831 Verf. wohl abſprechen, wenn auch das eigenthümliche Citat:
1151 1840 2162 1873 „Baehr, Symbolik des Moſaiſchen Cultus apud Thesaurum
1151 1881 2006 1917 Ugolini Tom. 8 et 9” auf einem Druckfehler beruht.
1203 1926 2157 1959 In der Ueberſicht der Literatur werden S. 12 von neuern Be⸗
1145 1966 2147 2002 arbeitern der Archäologie nur Jahn, Allioli und Löhnis, Warne⸗
1143 2008 2162 2046 kros, Roſenmüller und de Wette und Munck genannt. Hie und
1142 2052 2166 2086 da finden ſich freilich in den Anmerkungen auch andere neuere
1152 2094 2153 2131 Werke citirt, ſehr oft das Freiburger Kirchen⸗Lexikon; aber von
1136 2134 2145 2173 einer eingehenden Berückſichtigung derſelben iſt nicht viel wahrzu⸗
1142 2178 1248 2211 nehmen.
1182 2220 2151 2256 Die Entwicklung der einzelnen Puncte erhält oft durch die
1148 2263 2150 2299 ſchulmäßige Anwendung von ſteifen Diſtinctionen und von For⸗
1133 2307 2150 2341 meln, wie quaeritur oder obiicies und respondetur, probatur
1145 2349 2147 2385 a) ex absurdo alias nato, b) ex rei natura u. ſ. w., ast, ergo
1145 2391 2160 2427 u. dgl. eine dem Gegenſtande durchaus nicht angemeſſene Form.
1139 2434 2156 2469 Als Beiſpiel mag gleich der Anfang dienen: Introductio est
1146 2478 2151 2512 vox, quae triplici notione, etymologica, usuali seu metony-
1137 2520 2156 2554 mica et scientifica gaudet. Etymologice (ex intra et ductio)
1130 2565 2148 2596 significat actum introducendi; usualiter seu metonymice
1143 2607 2151 2638 denotat id, quod veluti medium ad finem aliquem conse-
1133 2650 2159 2682 quendum utiliter ac necessario praemittitur; scientifice ob-
1139 2692 2157 2725 iective est expositio systhematica, solida et erudita noti-
1140 2734 2145 2767 tiarum utilium et necessariarum ad aliquem finem scienti-
1136 2776 2148 2809 ficum melius consequendum proposita; subiective erudita,
1130 2820 2148 2851 solida et systhematica cognitio notitiarum modo dictarum.
1136 2862 2150 2895 His praehabitis notiones Introductionis Sac. Scripturae iuxta
1133 2905 2151 2938 triplicem antedictum conceptum sponte fluunt: nam eo titulo
1137 2947 2145 2980 exprimitur etymologice actus, quo quis in Sacram Scriptu-
