2201 3061
71 74 149 112 829
608 71 1587 109 Nr. 25 — Theologiſches Literaturblatt — 1866.
2067 74 2129 105 830
71 174 1067 205 ler (✝ 1864), welcher 1832—35 Capellmeiſter am Dom zu
80 217 1067 249 Münſter war; 11) der Criminaliſt und Novelliſt Temme, vor
83 255 1089 294 1848 Director am Ober⸗Landes⸗Gericht zu Münſter — Bei
83 303 1088 337 Erhard hätten nach Anleitung des Nekrologes in der Zeitſchr.
77 345 1070 379 des Alt.⸗Ver. XIII, 319 ff. deſſen wichtige Beiträge für die
74 389 1084 423 Höfer’ſche Ztſchr. f. Archivkunde einzeln genannt werden müſſen.
84 431 1077 465 Bei Neigebaur ſind deſſen pſeudonyme Schriften überſehen. Die
74 473 1076 510 ſchwer aufzufindende, weil nur mit „C. v. M.” bezeichnete Schrift
74 519 1070 553 des Feldmarſchalls v. Müffling über die Römerſtraßen erſchien
74 561 1071 595 1834 zu Berlin. Der Kirchenhiſtoriker Clemens Becker trat
68 603 1088 639 1741 in den Jeſuiten⸗Orden, war zunächſt in Paderborn, da⸗
80 646 1074 681 rauf erſt in Münſter als Profeſſor thätig und ſtarb bereits am
71 688 1086 725 30. Nov. 1790. Der Jeſuit Jakob Zurmühlen war am 7. Sept.
81 732 1068 768 1707 geb. und trat 1724 in den Orden. Der Jeſuit Forcken⸗
72 774 1083 808 beck war geb. 2. Juli 1734 und trat 1752 ein. Der Fran⸗
72 818 1079 852 ciscaner Gocken (nicht Göcken) ſtarb nicht 1796, ſondern am
69 861 1090 895 23. Oct. 1795. S. 101, Zeile 9 v. o. iſt „Froriep” ſtatt
77 906 368 939 „Froring” zu leſen.
152 956 996 993 Münſter Franz Hülskamp.
320 1082 801 1117 Literariſche Notizen.
98 1155 1092 1197 — Von dem Verleger (Spitthöver) iſt uns mit dankenswerther
75 1206 1074 1240 Gefälligkeit behufs einer Anzeige das erſte Heft der Dissertazioni
78 1248 1068 1282 archeologiche di vario argomento di Raffaele Garrucci d. C
62 1293 1074 1326 d. G. (Rom 1864, 170 S. 4, mit 12 Tafeln) überſandt worden.
74 1335 1077 1369 Daſſelbe enthält eine Reihe von Unterſuchungen, welche von Intereſſe
62 1376 1084 1411 für die claſſiſche Archäologie ſind, aber nichts, was die chriſt⸗
72 1422 1071 1455 liche Alterthumskunde anginge und zur nähern Beſprechung in
65 1464 1070 1498 unſerm theol. L.⸗Bl. geeignet wäre. Hoffentlich werden die fol⸗
71 1506 1071 1540 genden Lieferungen für unſere Studien um ſo reichere Ausbeute
68 1548 1068 1582 liefern. Wie bekannt, iſt P. Garrucci einer der fleißigſten und
72 1590 1070 1627 gelehrteſten Archäologen der Gegenwart, der ſich durch zahlreiche
69 1633 1068 1671 ſelbſtändige Werke, ſowie durch eine Menge von Aufſätzen in den
72 1677 1068 1713 archäologiſchen Zeitſchriften Italiens, auch über die Grenzen
75 1722 1071 1756 ſeines Vaterlandes hinaus bekannt gemacht hat ¹). Wenn man
65 1764 1070 1798 auch manchen willkürlichen oder gewagten Erklärungen nicht bei⸗
75 1806 1071 1842 ſtimmen kann, welche Garrucci z. B. von den Wandſchriften zu
72 1848 1068 1884 Pompeji oder den Graburnen zu Puzzuoli (Bullet. napolit. n.
69 1891 1074 1927 S. I—III) gegeben hat, ſo dürften doch die in den letzten Jahren
62 1933 1068 1971 von deutſchen Gehrten ausgegangenen Angriffe auf G. und die
74 1975 1083 2014 Verdächtigung ſeiner fides etwas übertrieben ſein. Daß die
74 2019 1081 2059 philologiſche Durchbildung und die Sicherheit archäologiſcher
68 2062 1085 2101 Methode, wie ſie ſich in Deutſchland zeigt, bei den meiſten Ita⸗
68 2104 1065 2145 lienern vermißt wird, iſt freilich nicht abzuſtreiten. Daß G. ſich
71 2146 1065 2187 manchmal geirrt und anders geſehen hat, als Andere, ſei auch
59 2191 1077 2232 nicht beſtritten; aber, wenn die Mißgriffe und Irrthümer richtig
74 2233 1064 2272 ſind, welche er eben in dieſen Dissertazioni ſeinen Anklägern
68 2275 1070 2314 nachweist, ſo dürften dieſe in Zukunft ihn etwas glimpflicher
66 2319 1068 2361 zu behandeln Urſache haben. Uebrigens wäre zu wünſchen, daß
104 2416 1067 2455 1) Von erſtern ſeien hier genannt: Les Mystères du syncré-
59 2452 1080 2494 tisme phrygien dans les catacombes romaines de Prétextate.
69 2488 1081 2529 Paris 1854. 4 — Inscriptiones veteres Reate quae extant.
63 2524 1055 2566 Paris 1854. 8. — Die neue Ausgabe und Bearbeitung der Ha-
66 2560 1071 2601 gioglypha s. Picturae et sculpturae sacrae antiquiores praesertim
59 2598 1075 2640 quae Romae reperiuntur explicatae a I. L’heureux (Macario),
56 2634 1068 2674 Paris 1856. 8. — Graffiti de Pompéi, Inscriptions et gravures
62 2670 1077 2709 tracées au stylet, recueillies et interprétées. 2. Ed. Paris
69 2707 1074 2745 1856. 4. — I Segni delle lapidi latine, volgaramente detti ac-
60 2743 1070 2782 centi. Rom. 1857. 4. — Vetri ornati di figure in oro, trovati
50 2781 1065 2818 nei cimiteri cristiani di Roma etc. Con appendice di una
63 2817 1065 2854 dissertazione intorno ai segni di cristianesimo sulle monete
63 2853 1077 2890 di Costantino, Licinio e loro figli cesari. Ed. 2 Rom. 1864. 4. —
62 2890 1068 2928 Cimiterio degli antichi Ebrei etc. Rom. 1862. 8. — Il Crocifisso
54 2928 1068 2964 graffito etc. Rom. 1857. 8. (Die beiden letztern Abdrücke aus der
59 2962 327 3000 Civiltà cattolica.)
1136 170 2123 204 in den archäologiſchen Schriften Carrucci’s zuweilen der Theo⸗
1124 214 2150 248 loge weniger herausgehängt würde und G. ſich das de Roſſi’ſche
1131 258 2132 292 ‘archaeologum, non theologum me agere oportere probe
1139 300 2127 336 sentio’ auch zum Wahlſpruch nähme. Die Sache könnte dabei
1136 344 2094 378 nur gewinnen F. X. K.
1171 385 2133 420 — Die ſchon längſt als demnächſt erſcheinend angekündigte
1137 429 2133 462 Entgegnung Puſey’s auf Newmans Schrift über die h. Maria
1133 472 2129 505 (Sp. 139. 551) läßt noch immer auf ſich warten. Mittlerweile
1124 514 2143 550 erſcheinen von katholiſcher Seite in der Form von Büchern und
1133 558 2133 594 Broſchüren und in Zeitſchriften noch fortwährend Entgegnungen
1130 601 2133 637 auf Puſey’s Eirenicon. Die umfangreichſte darunter iſt: Peace
1134 643 2127 679 trough the truth, or Essays on subjects connected with
1127 688 2137 721 Dr. Pusey’s Eirenicon. By Rev. T. Harper, S. J., Prof.
1133 729 2130 763 of Theology in the college of S. Beuno, N. Wales (Lon⸗
1124 771 2121 807 don, Longmans 1866, 15 Sh.); ſie behandelt die Einheit de
1133 816 2144 850 Kirche, die Transſubſtantiation und die unbefleckte Empfängniß.
1134 861 2133 894 Die Sp. 94. 523 beſprochene Entgegnung iſt (gleichfalls bei Long⸗
1127 904 2123 937 mans) in zweiter vermehrter Auflage und mit Nennung des
1136 948 2130 979 Autors erſchienen: Possibilities and difficulties of reunion.
1128 991 2133 1023 A review of Dr. Pusey’s Eirenicon. By W. Lockhart, B.
1137 1033 2143 1065 A. Oxon. — In der proteſtantiſch⸗theologiſchen Literatur hat in
1128 1077 2140 1110 England in dieſem Jahre kein Buch ein ſolches Aufſehen erregt,
1125 1119 2133 1153 als ein in einem religiöſen Tone, aber in rationaliſtiſchem Geiſte
1124 1164 2124 1195 geſchriebenes Leben Jeſu: Ecce Homo. A survey of the
1136 1206 2143 1237 life and work of Jesus Christ (London, Macmillan; 330 S. 8.)
1137 1248 2133 1279 Es ſind bereits über 12000 Exemplare abgeſetzt, und alle theo⸗
1131 1290 2129 1324 logiſchen und literariſchen Zeitſchriften haben es ausführlich be⸗
1127 1332 2130 1366 ſprochen. Die Fruchtloſigkeit aller Verſuche, den Verfaſſer zu erra⸗
1128 1377 2130 1411 then, hat mit dazu beigetragen, die Aufmerkſamkeit auf das Buch
1140 1419 2153 1453 zu lenken. (Neueſtens wird Prof. Seeley zu London als Ver⸗
1121 1462 2148 1497 faſſer bezeichnet.) — Als eine gelehrte und ſorgfältige hiſtoriſche
1127 1504 2130 1539 Unterſuchung verdient erwähnt zu werden: The alleged con-
1136 1546 2127 1581 version of the irish bishops to the reformed religion at
1133 1591 2142 1624 the ascension of Queen Elizabeth, and the assumed descent
1131 1635 2136 1668 of the present established hierarchy in Ireland from the
1127 1677 2127 1710 ancient irish church, disproved by W. Maziere Brady,
1131 1722 2130 1753 D. D. (London, Longmans 1866). Der Verf., ein anglicani⸗
1133 1762 2151 1795 ſcher Geiſtlicher in Irland, zeigt die Falſchheit der in proteſtan⸗
1131 1806 2139 1839 tiſchen Kreiſen herrſchenden Meinung, der iriſche Episkopat ſei
1137 1848 2132 1882 unter der Königin Eliſabeth zum Proteſtantismus übergetreten.
1133 1893 2133 1926 und der jetzige ſtaatskirchliche Epiſkopat ſtamme von jenem ab.
1131 1935 2133 1968 Von den 26 Biſchöfen, welche Irland 1558 hatte, ſind 21 ſicher
1136 1978 2151 2011 nicht proteſtantiſch geworden; nur von dem Erzbiſchof Hugh Cur⸗
1130 2022 2132 2053 win von Dublin iſt es ſicher, daß er proteſtantiſch wurde. Dieſer
1130 2065 2142 2097 war aber ein geborener Engländer und in England (von Bonner)
1124 2106 2133 2140 conſecrirt. „Die iriſche Succeſſion, ſchließt Brady, verbleibt ohne
1130 2151 2129 2182 Zweifel den römiſch⸗katholiſchen Biſchöfen der iriſchen Kirche,
1133 2191 2145 2226 während die Biſchöfe der anglicaniſchen Kirche in Irland, deren
1125 2235 2130 2268 Weihe nicht von der alten iriſchen Kirche, ſondern durch Curwin
1127 2278 2140 2311 von der engliſchen Succeſſion herſtammt, dieſelbe apoſtoliſche
1137 2320 2142 2353 Succeſſion haben, wie die engliſche Staatskirche.” Die, apoſto⸗
1127 2361 2124 2397 liche Succeſſion” in der engliſchen Staatskirche iſt aber bekanntlich
1124 2409 1350 2440 ſehr zweifelhaft
1127 2469 2132 2505 Die folgenden Nummern werden u. a. enthalten Artikel über:
1131 2527 2049 2560 Erdmann, Geſchichte der Philoſophie, von Katzenberger.
1124 2562 1953 2598 Kamphauſen, das Gebet des Herrn, von Langen.
1127 2598 2136 2632 Moll, Kerkgeschiedenis van Nederland,v. Alberdingk⸗Thijm.
1137 2634 1927 2670 Schliephake, Geſchichte von Naſſau, von Ennen.
1137 2671 2109 2706 Vercellone, autenticità della Bibbia volgata, von Reuſch.
1169 2723 1954 2755 Zur Beſprechung ſind ferner in Ausſicht genommen:
1127 2767 1784 2800 Huber, Studien. Philoſophiſche Schriften.
1121 2804 1741 2836 Keil, Comm. über die 12 kl. Propheten.
1128 2839 1822 2872 Krummacher, David der König von Iſrael.
1133 2875 1682 2910 Thommes, Geſchichte von England.
1161 2928 2142 2967 Correſpondenz der Redaction. — No. 40: Dankend erhalten —
1131 2967 2146 3000 No. 51: Jetzt im Weſentlichen einig. Die Aenderung wird be⸗
