2203 3055
77 69 140 106 831
626 68 1602 109 Nr. 25 — Theologiſches Literaturblatt — 1866.
2076 77 2139 111 832
77 162 1079 199 ſorgt. — No. 53: Erhalten; ich ſchreibe. — No. 80: E. war ſchon
81 201 1068 235 beſtellt und wird Ihnen geſchickt werden. — No. 125: Dankend er⸗
77 237 1067 271 halten; A. hat ein Anderer übernommen. — No. 149: Brief er⸗
81 273 1073 307 halten; Pf. 120, 8. — No. 184: Die Nummer und eine Broſchüre
76 311 1080 345 abgeſchickt; das Buch von R. iſt beſtellt; die Berichtigung am
86 348 437 379 Schluſſe des Jahrgangs.
126 413 1035 447 Antwort auf die Anfrage des Herrn Prof. Kerſchbaumer
495 458 651 492 in Nro. 23.
107 519 1068 553 Das handſchriftliche Werk, „chronologiſch⸗diplomatiſche Geſchichte
68 558 1067 589 des Frauenkloſters auf dem Marienberge bei Boppard von P. Con⸗
81 594 1068 625 rad d’Hame” iſt, nach Maßgabe ſeiner Wichtigkeit, von dem Unter⸗
72 630 1082 661 zeichneten bereits in ſeiner „Geſchichte des Erzſtifts Trier” (II. Abth.)
71 667 1067 700 1. Band, S. 223. 473 ff. 498—510) benutzt worden. Die Abſchrift,
68 705 1079 736 welche Herr Prof. Kerſchbaumer beſitzt, ſcheint übrigens nicht die
77 738 605 772 ganze Arbeit d’Hame’s zu enthalten.
122 777 1074 808 Conrad d’Hame war aus einer angeſehenen Familie zu St. Wen⸗
68 813 1068 844 del geboren, lebte längere Zeit als Profeß zu St. Matthias bei
74 849 1071 882 Trier, und war dann 21 Jahre, bis zu ſeinem Tode (13. Mai 1783)
69 885 1062 919 Propſt und Spiritual in der adeligen Frauenabtei auf Marienberg
71 921 1074 955 bei Boppard. In dieſer Zeit hat er ſein großes und wichtiges
77 958 1065 990 Werk: Confluvium historicum monasterii montis B. M. V. prope
69 994 1077 1027 Boppardiam, ſieben Foliobände ſtark, ausgearbeitet. Die vier erſten
65 1030 1077 1065 Bände enthalten die Geſchichte und die Urkunden des Kloſters; der
78 1068 1073 1101 fünffte und ſechste ſind ein Compendium der vorhergehenden, der
77 1105 1064 1138 ſiebente enthält die neuen Statuten der Bursfelder Congregation.
74 1143 1067 1174 Das Werk reicht bis zum Jahre 1775, hat viele Siegelzeichnungen
74 1179 1065 1213 bei den Urkunden, Wappen und in ſehr ſchönen Farben glänzende Bil⸗
1136 163 2136 202 der und andere Verzierungen. Daſſelbe enthält aber nicht allein
1136 202 2136 238 die urkundliche Geſchichte des Kloſters Marienberg ſeit ſeiner Stif⸗
1133 238 2144 276 tung, ſondern flechtet auch viele merkwürdige Notizen über die Stadt
1146 273 2130 312 Boppard und die meiſten Trieriſchen Frauenklöſter am Rhein und
1130 310 2136 351 an der Moſel ein. Dem P. Conrad d’Hame iſt 1782 als Propſt
1146 348 2136 385 zu Marienberg ein Neffe deſſelben, Agritius d’Hame, gefolgt, der
1133 384 2142 421 die Auflöſung der Klöſter unter der franzöſiſchen Herrſchaft erlebt,
1145 421 2133 459 das Werk ſeines Oheims gerettet und ſpäter der Trieriſchen Stadt⸗
1136 457 1907 495 bibliothek geſchenkt hat, in der es ſich jetzt befindet.
1170 504 2130 541 Die Geſchichte des Kloſters Marienberg, wie ſie in dem genannten
1145 540 2139 577 Werke ausführlich dargelegt iſt, gleicht im Ganzen der Geſchichte
1139 576 2133 613 vieler anderer adeligen Frauenklöſter der Benedictinerregel. Eine
1148 613 2139 649 Thatſache gibt derſelben aber eine über den Kreis des eigenen Kloſters
1136 649 2136 687 hinausgehende allgemeinere Wichtigkeit. Es iſt die Thatſache, daß der
1133 687 2132 724 Abt Johannes Rode von St. Matthias bei Trier, der eigentliche Ur⸗
1143 723 2124 762 heber der „Bursfelder Reform und Congregation,” wie ich nachge⸗
1131 759 2141 798 wieſen habe (Geſch. des Erzſt. II. Abth. 1. Bd. S. 204 ff.), dieſe
1146 795 2129 835 Reform auch in dem Kloſter Marienberg eingeführt hat, von welchem
1142 832 2133 870 aus dieſelbe ſodann in mehrere Frauenklöſter des Benedictinerordens
1146 870 2127 906 (nach Oberwerth bei Coblenz, St. Irmiarn in Trier, Niederprüm,
1139 904 2135 940 St. Walpurgis in Eichſtädt und andere Klöſter) verpflanzt worden
1136 940 2130 978 iſt; daß alſo Marienberg, allerdings in geringerm Umfange für
1137 978 2132 1012 Frauenklöſter die reformirende Thätigkeit ausgeübt, wie Bursfeld
1139 1014 2135 1051 für die Mannsklöſter der Benedictinerregel in Deutſchland. Dieſe
1137 1050 2135 1087 beſondere Wichtigkeit von Marienberg habe ich in der Geſchichte
1130 1087 2129 1126 dieſes Kloſters heivorgehoben. Eine neue Bearbeitung der Geſchichte
1139 1126 1916 1161 d’Hame’s dürfte nach dem Geſagten überflüſſig ſein.
1202 1169 2081 1210 Trier. Dr. Marx, Prof.
885 1335 1326 1372 Anzeigen.
171 1418 1662 1455 In der Vereins⸗Buchhandlung & Buchdruckerei in Innsbruck iſt erſchienen:
62 1479 2129 1543 Der heilige Franz von Aſſiſi, von J. M. S. Daurignae. Ueberſetzt von Ludwig Clarus. Mit Biſchöf⸗
856 1513 1656 1549 licher Gutheißung. Preis 22½ Ngr. — 1 fl. 20 kr.
173 1583 2124 1617 Durch den Nachdruck einzelner vergriffener Hefte iſt die Herder’ſche Verlagshandlung in Freiburg i. Br. wieder im Stande,
69 1619 1136 1653 durch alle Buchhandlungen vollſtändige Exemplare zu liefern von dem
54 1665 2139 1725 Kirchen⸗Lexikon oder Encyklopädie der katholiſchen Theolagie und ihrer Hilfswiſſenſchaften. Herausgegeben unter Mit⸗
572 1701 2136 1734 wirkung der ausgezeichnetſten katholiſchen Gelehrten Deutſchlands von Dr. H. J. Wetzer und Dr. B. Welte.
132 1740 2064 1773 12 Bände. Preis: Thlr. 25. 20 ſgr. — fl. 38. 30 kr. — Der ermäßigte Preis hat längſt aufgehört.
168 1817 1701 1854 Im Verlage der Junfermann’ſchen Buchhandlung in Paderborn iſt erſchienen:
60 1879 2138 1942 Die Nachahmung des hl. Herzens Jeſu in vier Büchern von P. J. Arnold S. J. Nach der zweiten
1110 1912 2139 1948 Auflage des lateiniſchen Originals überſetzt von P. St. Doſenbach
165 1953 974 1987 S. J. 42 Bogen 8⁰. Mit 1 Stahlſtich. Geh. 1Thlr.
221 2005 2123 2040 Es wird hiermit dem katholiſchen Deutſchland ein Buch übergeben, welches bisher Alle, die es im Originale geleſen haben, in
65 2043 2127 2077 hohem Grade befriedigt hat. Schon der allverehrte Geiſtesmann, P. Roothaan, der es im Manuſcripte geleſen, hat ihm den vollſten Beifall
74 2079 2133 2113 gezollt und den ſehnlichſten Wunſch ausgeſprochen, daß es zum geiſtlichen Nutzen der Gläubigen gedruckt werde. Es hat auch die vollſte
59 2115 2132 2149 Gutheißung der vier mit deſſen Prüfung beauftragten Cenſoren erhalten. Seitdem es im Drucke erſchienen iſt, hat es in den bedeutendſten
59 2152 2153 2185 katholiſchen Zeitſchriften die günſtigſte Beurtheilung gefunden als kein gewöhnliches, aſcetiſches Erzeugniß, ſondern ein Buch von außerge⸗
62 2188 2135 2221 wöhnlichem Werthe, welches in ebenſo gründlicher und ſicherer, als practiſcher Weiſe zu jeder Tugend und ſelbſt zur höchſten Vollkommen⸗
59 2226 1935 2257 heit anleitet. Der Preis von 1 Thaler für 42 Druckbogen iſt gewiß ein billiger und die Ausſtattung eine ſchöne zu nennen.
102 2327 765 2362 Bei A. Henry in Bonn erſchien ſoeben:
78 2399 1073 2437 De Hermanni Buschii vita et
123 2462 1068 2494 scriptis commentatio historica.
132 2514 1059 2547 Quam scripsit Herm. los. Liessem, Phil. Dr. Adiuncta
122 2565 1058 2599 sunt Herm. Buschii carmina quaedam. 96 Seiten 8⁰.
120 2615 438 2650 Geh. Preis 12 Sgr.
99 2682 1068 2716 Dieſe Monographie über einen Gelehrten, der zu den erſten Re⸗
68 2721 1058 2754 formationsſtreitigkeiten in ſo naher Beziehung geſtanden, empfiehlt
69 2758 1059 2790 ſich nicht bloß durch den Gebrauch theils ungekannter theils unbe⸗
69 2794 1065 2827 nutzter Quellen, ſondern auch durch die höchſte Objectivität und Un⸗
68 2829 1070 2863 parteilichkeit, ſo daß ſie als werthvoller Beitrag zur Kenntniß einer
60 2862 680 2902 denkwürdigen Zeit betrachtet werden muß.
1163 2304 2126 2338 Verlag der Fr. Hurter’ſchen Buchhandlung in Schaffhauſen.
1278 2380 1988 2413 Moderne Familiengeſchichten
1602 2421 1647 2454 von
1502 2458 1766 2491 Auguſt Lewald.
1236 2490 2026 2527 3 Bände. — fl. 5. 48. Rthlr. 3. 12. Fr. 12. —
1160 2527 2123 2563 Der Verfaſſer hat es in dieſem ſeinem neuen Roman für beſſer
1127 2566 2129 2599 gehalten, hinter einem alltäglichen Titel manchmal über ernſte Dinge
1124 2601 2123 2635 auch ſehr ernſt zu ſprechen, als hinter einem vielverheißenden Aus⸗
1130 2638 2121 2671 hängeſchild leichten Stoff leichthin zu behandeln. Der Inhalt dieſer
1121 2673 2133 2707 drei Bände iſt ein organiſch gegliedertes Ganzes, das ein und der⸗
1131 2709 2127 2745 ſelbe Geiſt durchweht, ein und derſelbe Faden zuſammenhält und
1128 2748 1254 2778 durchzieht.
1202 2784 1929 2817 Von demſelben Verfaſſer erſchien früher bei uns:
1127 2820 1998 2854 Clarinette. Roman. 3 Bde. fl. 5. 36. Rthlr. 3. 7½.
1127 2857 2067 2892 Der Inſurgent. Roman. 2 Bde. fl. 5. 48. Rthlr. 3. 12.
1122 2892 2019 2928 Aus dem kathol. Leben der Gegenwart. 48 kr. 15 ngr.
194 2961 1999 2998 Verantw. Redacteur Prof. Reuſch. —Verlag von A. Henry in Bonn. — Druck von Carl Georgi in Bonn.
