2203 3131
198 90 345 121 Alle 14 Tage
72 114 471 148 eine Nro. von mindeſtens 1 ½ Bo⸗
66 139 481 174 gen. Abonnementspreis 1 Thlr.,
77 165 468 199 vierteljährig im Buchhandel ſo wie
77 192 458 226 auf der Post praenum. zahlbar.
1895 106 1985 139 Inſerate,
1749 129 2138 166 ſo weit der dazu beſtimmte Raum
1748 160 2135 196 reicht, werden mit 2 ⅟₁₅ Sgr. für die
1743 192 2138 229 geſpaltene Petitzeile oder deren
1850 217 2031 252 Raum berechnet.
648 36 1595 229 Theologisches
114 255 2045 499 Literaturblatt,
368 525 1850 577 in Verbindung mit der katholiſch-theologiſchen Facultät zu Bonn und unter Mitwirkung vieler Gelehrten
995 579 1221 615 herausgegeben von
852 632 1350 667 Prof. Dr. F. H. Reuſch.
83 699 2130 766 1. Jahrgang. Bonn 1. Jan. 1866. № 1.
461 831 674 868 Vorwort.
92 887 1070 937 Das „theologiſche Literaturblatt” ſoll einerſeits ſeine Leſer mit
56 930 1064 979 allen nennenswerthen Erſcheinungen auf dem Gebiete der Theolo⸗
54 975 1062 1021 gie und der au dieſelbe angrenzenden Wiſſenſchaften bekannt machen,
57 1014 1068 1065 anderſeits durch kritiſche Beſprechung derſelben die Wiſſenſchaft
56 1057 485 1102 und Literatur ſelbſt fördern.
102 1099 1058 1147 Ueber die Art und Weiſe, wie dieſe Aufgabe unter den gegen⸗
65 1141 1076 1189 wärtigen Verhältniſſen am zweckmäßigſten gelöst werden könne,
71 1186 1062 1230 hat eine Conferenz von hieſigen und auswärtigen Gelehrten, die
69 1227 1064 1273 ſich für das Zuſtandekommen des Blattes intereſſirten, eingehende
62 1269 1058 1317 Berathungen gepflogen. Das Ergebniß derſelben kurz dazulegen
59 1314 1062 1359 und dadurch die Leſer darüber zu orientiren, was ſie von dem
68 1356 1075 1401 Blatte zu erwarten haben, iſt die Hauptaufgabe dieſes Vorwortes.
101 1398 1061 1444 Selbſtverſtändlich hat das „Literaturblatt” zunächſt die Auf⸗
54 1443 1058 1489 gabe, alle namhaften in ſeinen Bereich fallenden neu erſchienenen
66 1482 1058 1531 Schriften entweder in kurzen Referaten oder in eingehenden Kri⸗
53 1525 1062 1575 tiken zu beſprechen. Da nicht ſelten Aufſätze in Zeitſchriften an
59 1567 1067 1617 wiſſenſchaftlicher oder praktiſcher Bedeutung ſelbſtſtändigen Schriften
63 1611 1065 1660 gleichſtehen, ſo ſind auch ſie vorkommenden Falls zu beſprechen.
62 1651 1062 1702 Ebenſo wird auf die in andern Zeitſchriften erſchienenen Kritiken,
57 1698 1059 1746 ſoweit ſie für die Literatur von Bedeutung ſind, Rückſicht zu
53 1738 236 1777 nehmen ſein.
95 1783 1064 1831 An ſich würde vielleicht auch ein bibliographiſches Verzeichniß
53 1825 1067 1873 aller neuen Erſcheinungen der theologiſchen und an die Theologie
57 1866 1059 1917 angrenzenden Literatur und eine vollſtändige Zuſammenſtellung
57 1908 1056 1959 des Inhalts der betreffenden Zeitſchriften zur Aufgabe des Lite⸗
63 1952 1061 2002 raturblattes gehören. Da aber dieſe Aufgabe von dem zu Mün⸗
54 1995 1059 2044 ſter erſcheinenden „literariſchen Handweiſer” mit genügender Sorg⸗
68 2040 1062 2088 falt gelöst wird, ſo erſchien es zweckmäßiger, in dieſer Hinſicht
56 2083 656 2125 einfach auf jenes Blatt zu verweiſen.
105 2124 1059 2172 Von allen Betheiligten wurde die Anſicht ausgeſprochen, daß
63 2166 1058 2215 das Literaturblatt, um ſeine Aufgabe vollkommen zu löſen, ſich
59 2209 1059 2257 nicht auf Referate und Recenſionen in der hergebrachten Form
59 2251 1059 2299 beſchränken dürfe, und viele unter denjenigen, welche brieflich ihre
56 2293 1062 2341 Mitwrkung zugeſagt, haben dieſen Gedanken ausdrücklich gebilligt.
59 2335 1056 2385 Zunächſt wurde hervorgehoben, daß es oftmals angemeſſen ſein
53 2379 1056 2428 werde, in beſondern Aufſätzen kritiſche Zuſammenſtellungen der
53 2422 1049 2470 vorhandenen Arbeiten über einzelne Zweige und Punkte der Lite⸗
50 2464 1056 2514 ratur zu geben und dabei die gewonnenen Reſultate hervorzuheben
56 2506 1052 2556 und die noch auszufüllenden Lücken oder noch zu löſenden wiſſen⸗
62 2551 1058 2598 ſchaftlichen Schwierigkeiten und Controverſen anzudeuten. Ebenſo
50 2593 1055 2643 wurden zuſammenfaſſende Berichte über die Leiſtungen einzelner
59 2635 1065 2685 Schriftſteller, Schulen und Länder als mit zum Bereiche des
53 2679 1056 2727 Literaturblatts gehörend bezeichnet. Selbſtſtändige Abhandlungen,
53 2721 1059 2772 wie ſie den Hauptinhalt der wiſſenſchaftlichen Zeitſchriften bilden,
53 2763 1056 2811 müſſen freilich von einem Literaturblatte ausgeſchloſſen bleiben;
47 2805 1064 2853 dagegen wurde anerkannt, daß kleinere Aufſätze, welche, an irgend
56 2850 1058 2895 eine literariſch Erſcheinung anknüpfend, irgendwelche für die Wiſ⸗
62 2892 1067 2940 ſenſchaft oder das kirchliche Leben wichtige Fragen behandeln, oder
53 2933 1052 2983 welche ſonſt in kritiſcher, hiſtoriſcher oder anregender Weiſe Gegen⸗
1140 818 2141 859 ſtände der Literatur kurz beſprechen, in das Literaturblatt aufge⸗
1136 861 2132 901 nommen werden könnten, ohne daß dadurch der Unterſchied zwi⸗
1133 904 2141 945 ſchen ihm und den beſtehenden theologiſchen Zeitſchriften verwiſcht
1133 946 2126 988 und in deren Gebiet übergegriffen werde. Endlich hat das Lite⸗
1127 990 2129 1035 raturblatt natürlich auch für kleinere literariſche Notizen und
1139 1032 1944 1069 Bemerkungen, Anfragen und dgl. Raum zu bieten.
1182 1074 2141 1116 Wenn das Blatt ſich als theologiſches Literaturblatt be⸗
1140 1116 2132 1159 zeichnet, ſo wird dadurch ſeine Aufgabe von der einer allgemeinen
1137 1158 2135 1203 Literaturzeitung unterſchieden. Es wird ſich aber darum nicht
1136 1198 2138 1246 auf das Gebiet der eigentlichen theologiſchen Literatur beſchränken
1128 1242 2136 1290 dürfen, ſondern, wie oben ſchon angedeutet wurde, auch die an
1125 1284 2133 1329 die Theologie irgendwie angrenzenden Wiſſenſchaften, alſo von der
1143 1330 2135 1372 philoſophiſchen, geſchichtlichen, philologiſchen, pädagogiſchen, kunſt⸗
1127 1374 2139 1413 geſchichtlichen, naturwiſſenſchaftlichen, juriſtiſchen und nationalöko⸗
1127 1414 2138 1459 nomiſchen Literatur alles das berückſichtigen müſſen, was mit
1125 1458 1675 1495 der Theologie in Verbindung ſteht.
1175 1500 2135 1542 Es verſteht ſich von ſelbſt, daß nicht nur die katholiſche und
1124 1545 2130 1584 die deutſche, ſondern auch die akatholiſche und die ausländiſche
1127 1587 2130 1626 Literatur zum Bereiche des Literaturblatts gehören. Bezüglich
1121 1629 2129 1669 der außerdeutſchen Literatur haben mehrere Mitarbeiter der Re⸗
1131 1671 1814 1708 daction ihre beſondere Unterſtützung zugeſagt.
1170 1713 2126 1753 Die Löſung der Aufgabe, die dem Literaturblatte geſtellt iſt,
1121 1758 2129 1795 kann nur durch ein einträchtiges und ausdauerndes Zuſammen⸗
1121 1798 2132 1840 wirken vieler tüchtigen Kräfte ermöglicht werden. Ich habe die
1127 1843 2135 1882 Schwierigkeit des Unternehmens keinen Augenblick verkannt, und
1124 1885 2139 1926 nur der ermuthigende Rath von Freunden und Collegen und die
1121 1929 2136 1968 beſtimmte Zuſage kräftiger und wohlwollender Unterſtützung von
1130 1971 2127 2010 Seiten vieler anerkannten Gelehrten hat mich beſtimmen können,
1125 2013 2127 2052 die Redaction des Blattes zu übernehmen. In den zahlreichen
1128 2058 2139 2095 Zuſchriften, welche ich auf die Einladung zur Betheiligung an
1125 2097 2136 2140 dem Blatte erhalten habe, wird das Unternehmen ſo einmüthig
1131 2142 2133 2181 als ein zeitgemäßes und erfolgverheißendes bezeichnet, und von
1136 2182 2124 2226 ſo vielen Seiten die Bereitwilligkeit zur Mithülfe ausgeſprochen,
1134 2226 2132 2266 daß es als Pflicht erſcheint, die Bedenken, welche der Hinblick
1125 2268 2127 2307 auf die Größe der Aufgabe hervorruft, zurückzudrängen und im
1131 2310 2129 2350 Bewußtſein des eigenen guten Willens und im Vertrauen auf
1125 2355 2127 2392 die Unterſtützung eines Vereins von Kräften, wie ſie wohl noch
1134 2397 2127 2436 ſelten ſich zu einem ähnlichen literariſchen Unternehmen verbunden
1130 2440 1545 2473 haben, muthig zu beginnen,
1167 2478 2130 2520 Meinerſeits werde ich alles aufbieten, die Pflichten, welche dem
1124 2521 2130 2563 Redacteur den Mitarbeitern und den Leſern gegenüber obliegen,
1134 2565 2130 2605 gewiſſenhaft und unverdroſſen zu erfüllen. Zu den Mitarbeitern
1128 2607 2123 2650 hege ich das Vertrauen, daß ſie das Unternehmen als ein gemein⸗
1133 2652 2129 2694 ſames anſehen werden, welches nur dann vollſtändig gelingen
1127 2694 2135 2737 kann, wenn Jeder es ſich angelegen ſein läßt, aus dem Kreiſe
1133 2737 2132 2779 ſeiner beſondern Studien pünktlich und regelmäßig, — auch ohne
1127 2779 2129 2821 beſondere Aufforderung—alle für das Blatt geeigneten Mitthei⸗
1131 2823 2132 2863 lungen und Beiträge einzuſenden. Bei der Verſendung der Ein⸗
1133 2865 2126 2905 ladungen ſind ohne Zweifel Einzelne überſehen worden, welche
1124 2909 2139 2947 geeignet und geneigt ſind, an dem Blatte mitzuarbeiten; ich bitte
1124 2951 2132 2991 ſie, mir darum ihre Hülfe nicht vorenthalten zu wollen. Die
