<?xml version="1.0" encoding="UTF-8" standalone="yes"?>
<PcGts xmlns="http://schema.primaresearch.org/PAGE/gts/pagecontent/2013-07-15" xmlns:xsi="http://www.w3.org/2001/XMLSchema-instance" xsi:schemaLocation="http://schema.primaresearch.org/PAGE/gts/pagecontent/2013-07-15 http://schema.primaresearch.org/PAGE/gts/pagecontent/2013-07-15/pagecontent.xsd">
    <Metadata>
        <Creator>prov=University of Rostock/Institute of Mathematics/CITlab|PLANET AI GmbH/Gundram Leifert/gundram.leifert@planet-ai.de:name=Noscemus GM 3.0(htr_id=26395)::::v=2.6.7
prov=University of Rostock/Institute of Mathematics/CITlab|PLANET AI GmbH/Tobias Gruening/tobias.gruening@planet-ai.de:name=de.uros.citlab.module.baseline2polygon.B2PSeamMultiOriented:v=2.6.7
prov=University of Rostock/Institute of Mathematics/CITlab|PLANET AI GmbH/Tobias Gruening/tobias.gruening@planet-ai.de:name=/net_tf/LA73_249_0mod360.pb:de.uros.citlab.segmentation.CITlab_LA_ML:v=2.6.6
Transkribus</Creator>
        <Created>2020-11-23T14:11:25.459+01:00</Created>
        <LastChange>2021-05-11T09:54:26.374+02:00</LastChange>
        <TranskribusMetadata docId="543314" pageId="22811452" pageNr="13" tsid="57719077" status="GT" userId="68000" imgUrl="https://files.transkribus.eu/Get?id=UXKFZSLHDXXSMSQGQGOGTWHC&amp;fileType=view" xmlUrl="https://files.transkribus.eu/Get?id=IAPGNMIXQLCMAZULJHPIDVLM" imageId="17787071"/>
    </Metadata>
    <Page imageFilename="thlblb_1866_00037.tif" imageWidth="2215" imageHeight="3144">
        <ReadingOrder>
            <OrderedGroup id="ro_1626327768830" caption="Regions reading order">
                <RegionRefIndexed index="0" regionRef="TextRegion_1618395102400_1055"/>
                <RegionRefIndexed index="1" regionRef="TextRegion_1618395126464_1064"/>
                <RegionRefIndexed index="2" regionRef="TextRegion_1618395133959_1069"/>
                <RegionRefIndexed index="3" regionRef="TextRegion_1618395218734_1138"/>
                <RegionRefIndexed index="4" regionRef="TextRegion_1618395244625_1145"/>
                <RegionRefIndexed index="5" regionRef="TextRegion_1618395257203_1150"/>
                <RegionRefIndexed index="6" regionRef="TextRegion_1618395277908_1159"/>
            </OrderedGroup>
        </ReadingOrder>
        <TextRegion orientation="0.0" id="TextRegion_1618395102400_1055" custom="readingOrder {index:0;}">
            <Coords points="45,60 1056,50 2161,47 2156,113 1088,109 45,118"/>
            <TextLine id="r1l2" custom="readingOrder {index:0;}">
                <Coords points="53,109 83,109 113,115 113,84 83,78 53,78"/>
                <Baseline points="53,99 83,99 113,105"/>
                <TextEquiv>
                    <Unicode>55</Unicode>
                </TextEquiv>
            </TextLine>
            <TextLine id="line_1618395291734_1169" custom="readingOrder {index:1;}">
                <Coords points="618,77 1580,72 1580,102 1554,103 1450,105 1080,108 849,109 643,109 618,108"/>
                <Baseline points="618,98 643,99 669,99 695,99 720,99 746,99 772,99 797,99 823,99 849,99 874,98 900,98 926,98 951,98 977,98 1003,98 1028,98 1054,98 1080,98 1115,95 1140,95 1166,96 1192,96 1218,96 1244,96 1270,96 1295,96 1321,95 1347,95 1373,95 1399,95 1425,95 1450,95 1476,94 1502,93 1528,93 1554,93 1580,92"/>
                <TextEquiv>
                    <Unicode>Nr. 2 — Theologiſches Literaturblatt — 1866.</Unicode>
                </TextEquiv>
            </TextLine>
            <TextLine id="r2l1" custom="readingOrder {index:2;}">
                <Coords points="2094,99 2119,102 2145,102 2145,72 2119,72 2094,69"/>
                <Baseline points="2094,89 2119,92 2145,92"/>
                <TextEquiv>
                    <Unicode>56</Unicode>
                </TextEquiv>
            </TextLine>
            <TextEquiv>
                <Unicode>55
Nr. 2 — Theologiſches Literaturblatt — 1866.
56</Unicode>
            </TextEquiv>
        </TextRegion>
        <TextRegion orientation="0.0" id="TextRegion_1618395126464_1064" custom="readingOrder {index:1;}">
            <Coords points="50,135 1091,135 1091,1138 50,1138"/>
            <TextLine id="r1l3" custom="readingOrder {index:0;} textStyle {offset:0; length:25;fontSize:0.0; kerning:0; bold:true;}">
                <Coords points="59,202 109,202 159,202 210,202 260,202 311,202 361,202 411,201 462,201 512,201 563,201 613,201 663,199 714,199 764,199 815,199 865,199 915,199 966,199 1016,199 1067,199 1067,169 1016,169 966,169 915,169 865,169 815,169 764,169 714,169 663,169 613,171 563,171 512,171 462,171 411,171 361,172 311,172 260,172 210,172 159,172 109,172 59,172"/>
                <Baseline points="59,192 109,192 159,192 210,192 260,192 311,192 361,192 411,191 462,191 512,191 563,191 613,191 663,189 714,189 764,189 815,189 865,189 915,189 966,189 1016,189 1067,189"/>
                <TextEquiv>
                    <Unicode>Berichtigungen zu Nro. 1. Sp. 6, Z. 27 I. crucis ſt. cruris. Sp. 9,</Unicode>
                </TextEquiv>
            </TextLine>
            <TextLine id="r1l4" custom="readingOrder {index:1;}">
                <Coords points="95,241 143,241 191,240 240,240 288,240 336,238 385,238 433,238 481,238 530,238 578,238 626,238 675,238 723,238 771,238 820,238 868,238 916,238 965,238 1013,238 1062,238 1062,208 1013,208 965,208 916,208 868,208 820,208 771,208 723,208 675,208 626,208 578,208 530,208 481,208 433,208 385,208 336,208 288,210 240,210 191,210 143,211 95,211"/>
                <Baseline points="95,231 143,231 191,230 240,230 288,230 336,228 385,228 433,228 481,228 530,228 578,228 626,228 675,228 723,228 771,228 820,228 868,228 916,228 965,228 1013,228 1062,228"/>
                <TextEquiv>
                    <Unicode>Z. 13 ſind die Worte „ſich zu erheben” zu ſtreichen. Sp. 21, Z. 8</Unicode>
                </TextEquiv>
            </TextLine>
            <TextLine id="r1l5" custom="readingOrder {index:2;}">
                <Coords points="101,274 126,275 152,276 178,276 203,277 229,277 255,277 280,277 306,277 332,277 358,277 383,276 409,276 435,276 460,276 486,276 512,276 537,276 563,276 589,276 615,276 615,246 589,246 563,246 537,246 512,246 486,246 460,246 435,246 409,246 383,246 358,247 332,247 306,247 280,247 255,247 229,247 203,247 178,246 152,246 126,245 101,244"/>
                <Baseline points="101,264 126,265 152,266 178,266 203,267 229,267 255,267 280,267 306,267 332,267 358,267 383,266 409,266 435,266 460,266 486,266 512,266 537,266 563,266 589,266 615,266"/>
                <TextEquiv>
                    <Unicode>v. u. l. „zu äußern” ſi. „äußern”.</Unicode>
                </TextEquiv>
            </TextLine>
            <TextLine id="r1l6" custom="readingOrder {index:3;} textStyle {offset:0; length:21;fontSize:0.0; kerning:0; bold:true;}">
                <Coords points="66,328 116,328 166,328 216,328 266,328 316,328 366,328 416,328 466,327 516,327 567,327 617,327 667,327 717,327 767,327 817,327 867,327 917,327 967,327 1017,327 1068,327 1068,297 1017,297 967,297 917,297 867,297 817,297 767,297 717,297 667,297 617,297 567,297 516,297 466,297 416,298 366,298 316,298 266,298 216,298 166,298 116,298 66,298"/>
                <Baseline points="66,318 116,318 166,318 216,318 266,318 316,318 366,318 416,318 466,317 516,317 567,317 617,317 667,317 717,317 767,317 817,317 867,317 917,317 967,317 1017,317 1068,317"/>
                <TextEquiv>
                    <Unicode>Die folgenden Nummern werden außer den in Nro. 1 angekündig⸗</Unicode>
                </TextEquiv>
            </TextLine>
            <TextLine id="r1l7" custom="readingOrder {index:4;}">
                <Coords points="98,366 125,366 152,366 179,366 207,366 234,366 261,366 289,366 316,366 343,366 371,364 398,364 425,364 453,364 480,364 507,364 535,363 562,363 589,363 617,364 617,334 589,333 562,333 535,333 507,334 480,334 453,334 425,334 398,334 371,334 343,336 316,336 289,336 261,336 234,336 207,336 179,336 152,336 125,336 98,336"/>
                <Baseline points="98,356 125,356 152,356 179,356 207,356 234,356 261,356 289,356 316,356 343,356 371,354 398,354 425,354 453,354 480,354 507,354 535,353 562,353 589,353 617,354"/>
                <TextEquiv>
                    <Unicode>ten Arbeiten enthalten Artikel über</Unicode>
                </TextEquiv>
            </TextLine>
            <TextLine id="r1l9" custom="readingOrder {index:5;} textStyle {offset:0; length:8;italic:true; fontSize:0.0; kerning:0;}">
                <Coords points="63,412 101,411 139,411 177,411 216,409 254,409 292,409 330,409 369,409 407,409 445,408 483,408 522,408 560,408 598,408 636,408 675,408 713,408 751,408 789,408 856,405 856,375 789,378 751,378 713,378 675,378 636,378 598,378 560,378 522,378 483,378 445,378 407,379 369,379 330,379 292,379 254,379 216,379 177,381 139,381 101,381 63,382"/>
                <Baseline points="63,402 101,401 139,401 177,401 216,399 254,399 292,399 330,399 369,399 407,399 445,398 483,398 522,398 560,398 598,398 636,398 675,398 713,398 751,398 789,398 849,399"/>
                <TextEquiv>
                    <Unicode>Audisio, Droit public de l’église, von Heuſer.</Unicode>
                </TextEquiv>
            </TextLine>
            <TextLine id="r1l10" custom="readingOrder {index:6;}">
                <Coords points="72,448 118,448 164,447 210,447 256,447 302,447 348,447 394,447 440,445 486,445 532,445 578,445 624,445 670,445 716,444 762,444 808,444 854,444 900,444 946,444 993,442 993,412 946,414 900,414 854,414 808,414 762,414 716,414 670,415 624,415 578,415 532,415 486,415 440,415 394,417 348,417 302,417 256,417 210,417 164,417 118,418 72,418"/>
                <Baseline points="72,438 118,438 164,437 210,437 256,437 302,437 348,437 394,437 440,435 486,435 532,435 578,435 624,435 670,435 716,434 762,434 808,434 854,434 900,434 946,434 993,432"/>
                <TextEquiv>
                    <Unicode>Baur, Vorſeſungen über Dogmengeſchichte, von C. Werner.</Unicode>
                </TextEquiv>
            </TextLine>
            <TextLine id="r1l11" custom="readingOrder {index:7;}">
                <Coords points="63,484 113,484 163,484 213,484 263,484 313,484 363,483 413,483 463,483 513,481 564,481 614,481 664,480 714,480 764,480 814,480 864,481 914,481 964,481 1014,483 1078,484 1078,454 1014,453 964,451 914,451 864,451 814,450 764,450 714,450 664,450 614,451 564,451 513,451 463,453 413,453 363,453 313,454 263,454 213,454 163,454 113,454 63,454"/>
                <Baseline points="63,474 113,474 163,474 213,474 263,474 313,474 363,473 413,473 463,473 513,471 564,471 614,471 664,470 714,470 764,470 814,470 864,471 914,471 964,471 1014,473 1079,474"/>
                <TextEquiv>
                    <Unicode>Bluntſchli, altaſiatiſche Gottes⸗ und Weltideen, von Haneberg.</Unicode>
                </TextEquiv>
            </TextLine>
            <TextLine id="r1l12" custom="readingOrder {index:8;}">
                <Coords points="66,520 106,520 147,522 187,520 228,520 269,520 309,520 350,520 391,519 431,519 472,519 513,517 553,517 594,517 635,517 675,516 716,516 757,516 797,517 838,517 879,517 879,487 838,487 797,487 757,486 716,486 675,486 635,487 594,487 553,487 513,487 472,489 431,489 391,489 350,490 309,490 269,490 228,490 187,490 147,492 106,490 66,490"/>
                <Baseline points="66,510 106,510 147,512 187,510 228,510 269,510 309,510 350,510 391,509 431,509 472,509 513,507 553,507 594,507 635,507 675,506 716,506 757,506 797,507 838,507 879,507"/>
                <TextEquiv>
                    <Unicode>Bucher, Chronologie des Neuen Teſt., von Langen.</Unicode>
                </TextEquiv>
            </TextLine>
            <TextLine id="r1l13" custom="readingOrder {index:9;}">
                <Coords points="54,558 104,558 154,558 204,556 255,556 305,556 355,556 405,555 456,555 506,555 556,555 606,555 657,555 707,555 757,555 807,555 858,555 908,555 958,555 1008,555 1059,555 1059,525 1008,525 958,525 908,525 858,525 807,525 757,525 707,525 657,525 606,525 556,525 506,525 456,525 405,525 355,526 305,526 255,526 204,526 154,528 104,528 54,528"/>
                <Baseline points="54,548 104,548 154,548 204,546 255,546 305,546 355,546 405,545 456,545 506,545 556,545 606,545 657,545 707,545 757,545 807,545 858,545 908,545 958,545 1008,545 1059,545"/>
                <TextEquiv>
                    <Unicode>Bunſen, das Reich Gottes und das Leben Jeſu, von Langen.</Unicode>
                </TextEquiv>
            </TextLine>
            <TextLine id="r1l14" custom="readingOrder {index:10;}">
                <Coords points="56,595 106,594 156,594 206,594 256,594 306,593 356,592 406,592 456,592 506,592 557,591 607,591 657,591 707,591 757,591 807,591 857,591 907,591 957,591 1007,592 1058,592 1058,562 1007,562 957,561 907,561 857,561 807,561 757,561 707,561 657,561 607,561 557,561 506,562 456,562 406,562 356,562 306,563 256,564 206,564 156,564 106,564 56,565"/>
                <Baseline points="56,585 106,584 156,584 206,584 256,584 306,583 356,582 406,582 456,582 506,582 557,581 607,581 657,581 707,581 757,581 807,581 857,581 907,581 957,581 1007,582 1058,582"/>
                <TextEquiv>
                    <Unicode>Dillmanns Arbeiten zur äthiopiſchen Literatur, von Kaulen.</Unicode>
                </TextEquiv>
            </TextLine>
            <TextLine id="r1l15" custom="readingOrder {index:11;}">
                <Coords points="59,631 109,631 160,631 210,630 261,630 312,630 362,630 413,628 463,628 514,628 565,628 615,628 666,627 716,627 767,627 818,627 868,627 919,627 969,628 1020,628 1071,630 1071,600 1020,598 969,598 919,597 868,597 818,597 767,597 716,597 666,597 615,598 565,598 514,598 463,598 413,598 362,600 312,600 261,600 210,600 160,601 109,601 59,601"/>
                <Baseline points="59,621 109,621 160,621 210,620 261,620 312,620 362,620 413,618 463,618 514,618 565,618 615,618 666,617 716,617 767,617 818,617 868,617 919,617 969,618 1020,618 1071,620"/>
                <TextEquiv>
                    <Unicode>Kuno Fiſcher, Geſch. der neuern Philoſophie, von Katzenberger.</Unicode>
                </TextEquiv>
            </TextLine>
            <TextLine id="r1l16" custom="readingOrder {index:12;}">
                <Coords points="59,667 109,667 160,667 211,667 261,667 312,667 363,667 413,666 464,666 515,666 566,666 616,666 667,666 718,666 768,666 819,666 870,666 920,666 971,666 1022,666 1073,667 1073,637 1022,636 971,636 920,636 870,636 819,636 768,636 718,636 667,636 616,636 566,636 515,636 464,636 413,636 363,637 312,637 261,637 211,637 160,637 109,637 59,637"/>
                <Baseline points="59,657 109,657 160,657 211,657 261,657 312,657 363,657 413,656 464,656 515,656 566,656 616,656 667,656 718,656 768,656 819,656 870,656 920,656 971,656 1022,656 1073,657"/>
                <TextEquiv>
                    <Unicode>Gangauf, des h. Auguſtinus Lehre von Gott, von Katzenberger.</Unicode>
                </TextEquiv>
            </TextLine>
            <TextLine id="r1l17" custom="readingOrder {index:13;}">
                <Coords points="72,706 122,705 172,705 223,703 273,703 324,703 374,703 425,702 475,702 526,702 576,702 627,702 677,702 728,702 778,702 829,702 879,702 930,702 980,702 1031,702 1031,672 980,672 930,672 879,672 829,672 778,672 728,672 677,672 627,672 576,672 526,672 475,672 425,672 374,673 324,673 273,673 223,673 172,675 122,675 72,676"/>
                <Baseline points="72,696 122,695 172,695 223,693 273,693 324,693 374,693 425,692 475,692 526,692 576,692 627,692 677,692 728,692 778,692 829,692 879,692 930,692 980,692 1031,692"/>
                <TextEquiv>
                    <Unicode>Haffner, der Materialismus in der Culturgeſch., von Boſen.</Unicode>
                </TextEquiv>
            </TextLine>
            <TextLine id="r1l18" custom="readingOrder {index:14;} textStyle {offset:0; length:7;italic:true; fontSize:0.0; kerning:0;}">
                <Coords points="72,742 116,741 160,741 205,739 249,739 293,739 338,739 382,739 426,738 471,738 515,738 559,738 604,738 648,738 692,738 737,739 781,739 825,738 870,738 914,738 978,737 978,707 914,708 870,708 825,708 781,709 737,709 692,708 648,708 604,708 559,708 515,708 471,708 426,708 382,709 338,709 293,709 249,709 205,709 160,711 116,711 72,712"/>
                <Baseline points="72,732 116,731 160,731 205,729 249,729 293,729 338,729 382,729 426,728 471,728 515,728 559,728 604,728 648,728 692,728 737,729 781,729 825,728 870,728 914,728 977,731"/>
                <TextEquiv>
                    <Unicode>Höfler, Scriptores rerum Husiticarum, von Friedrich.</Unicode>
                </TextEquiv>
            </TextLine>
            <TextLine id="r1l19" custom="readingOrder {index:15;}">
                <Coords points="65,780 114,778 164,778 214,777 264,777 314,777 363,777 413,777 463,777 513,777 563,777 612,777 662,777 712,777 762,777 812,777 861,775 911,775 961,775 1011,774 1079,773 1079,743 1011,744 961,745 911,745 861,745 812,747 762,747 712,747 662,747 612,747 563,747 513,747 463,747 413,747 363,747 314,747 264,747 214,747 164,748 114,748 65,750"/>
                <Baseline points="65,770 114,768 164,768 214,767 264,767 314,767 363,767 413,767 463,767 513,767 563,767 612,767 662,767 712,767 762,767 812,767 861,765 911,765 961,765 1011,764 1076,765"/>
                <TextEquiv>
                    <Unicode>Jungmann, die Schönheit und die ſchöne Kunſt, von Wedewer.</Unicode>
                </TextEquiv>
            </TextLine>
            <TextLine id="r1l20" custom="readingOrder {index:16;}">
                <Coords points="60,817 105,816 150,816 195,814 241,814 286,814 331,814 376,813 422,813 467,813 512,813 557,813 603,813 648,813 693,813 738,813 784,813 829,813 874,813 919,813 965,811 965,781 919,783 874,783 829,783 784,783 738,783 693,783 648,783 603,783 557,783 512,783 467,783 422,783 376,783 331,784 286,784 241,784 195,784 150,786 105,786 60,787"/>
                <Baseline points="60,807 105,806 150,806 195,804 241,804 286,804 331,804 376,803 422,803 467,803 512,803 557,803 603,803 648,803 693,803 738,803 784,803 829,803 874,803 919,803 965,801"/>
                <TextEquiv>
                    <Unicode>Kieſel, die Weltgeſchichte, 1. Bd, 2. Aufl., von Tücking.</Unicode>
                </TextEquiv>
            </TextLine>
            <TextLine id="r1l21" custom="readingOrder {index:17;}">
                <Coords points="62,853 108,852 154,852 201,852 247,850 294,850 340,850 386,850 433,850 479,850 526,850 572,850 618,850 665,850 711,849 758,849 804,849 850,849 897,849 943,847 990,847 990,817 943,817 897,819 850,819 804,819 758,819 711,819 665,820 618,820 572,820 526,820 479,820 433,820 386,820 340,820 294,820 247,820 201,822 154,822 108,822 62,823"/>
                <Baseline points="62,843 108,842 154,842 201,842 247,840 294,840 340,840 386,840 433,840 479,840 526,840 572,840 618,840 665,840 711,839 758,839 804,839 850,839 897,839 943,837 990,837"/>
                <TextEquiv>
                    <Unicode>Onno Klopp, die Werke von Leibnitz, von Katzenberger.</Unicode>
                </TextEquiv>
            </TextLine>
            <TextLine id="r1l22" custom="readingOrder {index:18;} textStyle {offset:0; length:8;italic:true; fontSize:0.0; kerning:0;}">
                <Coords points="59,889 109,889 159,888 209,887 259,886 309,886 359,886 410,886 460,885 510,885 560,885 610,885 660,885 710,885 761,885 811,885 861,885 911,885 961,885 1011,885 1074,881 1074,851 1011,855 961,855 911,855 861,855 811,855 761,855 710,855 660,855 610,855 560,855 510,855 460,855 410,856 359,856 309,856 259,856 209,857 159,858 109,859 59,859"/>
                <Baseline points="59,879 109,879 159,878 209,877 259,876 309,876 359,876 410,876 460,875 510,875 560,875 610,875 660,875 710,875 761,875 811,875 861,875 911,875 961,875 1011,875 1077,873"/>
                <TextEquiv>
                    <Unicode>Laemmer, Decreta Concilii Ruthenorum, von Silbernagl.</Unicode>
                </TextEquiv>
            </TextLine>
            <TextLine id="r1l23" custom="readingOrder {index:19;}">
                <Coords points="62,925 109,925 157,925 204,925 252,924 299,924 347,924 394,924 442,924 489,923 537,922 585,922 632,922 680,922 727,921 775,921 822,921 870,921 917,919 965,919 1013,919 1013,889 965,889 917,889 870,891 822,891 775,891 727,891 680,892 632,892 585,892 537,892 489,893 442,894 394,894 347,894 299,894 252,894 204,895 157,895 109,895 62,895"/>
                <Baseline points="62,915 109,915 157,915 204,915 252,914 299,914 347,914 394,914 442,914 489,913 537,912 585,912 632,912 680,912 727,911 775,911 822,911 870,911 917,909 965,909 1013,909"/>
                <TextEquiv>
                    <Unicode>Lindemann, Geſch. der deutſchen Literatur, von E. Göbel.</Unicode>
                </TextEquiv>
            </TextLine>
            <TextLine id="r1l24" custom="readingOrder {index:20;}">
                <Coords points="62,960 105,960 148,961 191,961 234,961 277,961 320,961 363,961 406,961 449,960 492,960 535,960 578,959 621,958 664,958 707,957 750,957 793,957 836,957 879,955 923,955 923,925 879,925 836,927 793,927 750,927 707,927 664,928 621,928 578,929 535,930 492,930 449,930 406,931 363,931 320,931 277,931 234,931 191,931 148,931 105,930 62,930"/>
                <Baseline points="62,950 105,950 148,951 191,951 234,951 277,951 320,951 363,951 406,951 449,950 492,950 535,950 578,949 621,948 664,948 707,947 750,947 793,947 836,947 879,945 923,945"/>
                <TextEquiv>
                    <Unicode>Ritzſch, Auguſtinus’ Lehre vom Wunder, von Simar.</Unicode>
                </TextEquiv>
            </TextLine>
            <TextLine id="r1l25" custom="readingOrder {index:21;}">
                <Coords points="63,1000 101,999 139,999 177,997 215,997 253,997 291,997 329,996 367,996 405,996 443,996 481,996 519,996 557,996 595,996 633,996 671,994 709,994 747,994 785,993 839,992 839,962 785,963 747,964 709,964 671,964 633,966 595,966 557,966 519,966 481,966 443,966 405,966 367,966 329,966 291,967 253,967 215,967 177,967 139,969 101,969 63,970"/>
                <Baseline points="63,990 101,989 139,989 177,987 215,987 253,987 291,987 329,986 367,986 405,986 443,986 481,986 519,986 557,986 595,986 633,986 671,984 709,984 747,984 785,983 842,985"/>
                <TextEquiv>
                    <Unicode>Phillips, die Synode zu Tribur, von Schulte.</Unicode>
                </TextEquiv>
            </TextLine>
            <TextLine id="r1l26" custom="readingOrder {index:22;}">
                <Coords points="69,1036 103,1035 138,1035 173,1035 208,1034 243,1033 278,1033 313,1033 348,1033 383,1033 418,1033 452,1032 487,1032 522,1032 557,1032 592,1032 627,1032 662,1030 697,1030 732,1030 783,1029 783,999 732,1000 697,1000 662,1000 627,1002 592,1002 557,1002 522,1002 487,1002 452,1002 418,1003 383,1003 348,1003 313,1003 278,1003 243,1003 208,1004 173,1005 138,1005 103,1005 69,1006"/>
                <Baseline points="69,1026 103,1025 138,1025 173,1025 208,1024 243,1023 278,1023 313,1023 348,1023 383,1023 418,1023 452,1022 487,1022 522,1022 557,1022 592,1022 627,1022 662,1020 697,1020 745,1023 780,1022"/>
                <TextEquiv>
                    <Unicode>Prantl, Geſchichte der Logik, von Michelis.</Unicode>
                </TextEquiv>
            </TextLine>
            <TextLine id="r1l27" custom="readingOrder {index:23;}">
                <Coords points="68,1074 103,1072 138,1072 173,1071 208,1071 243,1069 278,1069 314,1069 349,1069 384,1069 419,1069 454,1069 489,1069 524,1069 560,1069 595,1068 630,1068 665,1068 700,1068 735,1066 771,1066 771,1036 735,1036 700,1038 665,1038 630,1038 595,1038 560,1039 524,1039 489,1039 454,1039 419,1039 384,1039 349,1039 314,1039 278,1039 243,1039 208,1041 173,1041 138,1042 103,1042 68,1044"/>
                <Baseline points="68,1064 103,1062 138,1062 173,1061 208,1061 243,1059 278,1059 314,1059 349,1059 384,1059 419,1059 454,1059 489,1059 524,1059 560,1059 595,1058 630,1058 665,1058 700,1058 735,1056 771,1056"/>
                <TextEquiv>
                    <Unicode>Preuner, Heſtia⸗Beſta, von Stiefelhagen.</Unicode>
                </TextEquiv>
            </TextLine>
            <TextLine id="r1l28" custom="readingOrder {index:24;}">
                <Coords points="63,1110 111,1110 160,1108 209,1108 258,1107 307,1107 356,1107 404,1107 453,1107 502,1107 551,1107 600,1107 649,1107 698,1107 746,1107 795,1105 844,1105 893,1105 942,1104 991,1102 1040,1101 1040,1071 991,1072 942,1074 893,1075 844,1075 795,1075 746,1077 698,1077 649,1077 600,1077 551,1077 502,1077 453,1077 404,1077 356,1077 307,1077 258,1077 209,1078 160,1078 111,1080 63,1080"/>
                <Baseline points="63,1100 111,1100 160,1098 209,1098 258,1097 307,1097 356,1097 404,1097 453,1097 502,1097 551,1097 600,1097 649,1097 698,1097 746,1097 795,1095 844,1095 893,1095 942,1094 991,1092 1040,1091"/>
                <TextEquiv>
                    <Unicode>Schlayer, Beitr. zur Lehre vom Patronatrechte, von Schulte.</Unicode>
                </TextEquiv>
            </TextLine>
            <TextEquiv>
                <Unicode>Berichtigungen zu Nro. 1. Sp. 6, Z. 27 I. crucis ſt. cruris. Sp. 9,
Z. 13 ſind die Worte „ſich zu erheben” zu ſtreichen. Sp. 21, Z. 8
v. u. l. „zu äußern” ſi. „äußern”.
Die folgenden Nummern werden außer den in Nro. 1 angekündig⸗
ten Arbeiten enthalten Artikel über
Audisio, Droit public de l’église, von Heuſer.
Baur, Vorſeſungen über Dogmengeſchichte, von C. Werner.
Bluntſchli, altaſiatiſche Gottes⸗ und Weltideen, von Haneberg.
Bucher, Chronologie des Neuen Teſt., von Langen.
Bunſen, das Reich Gottes und das Leben Jeſu, von Langen.
Dillmanns Arbeiten zur äthiopiſchen Literatur, von Kaulen.
Kuno Fiſcher, Geſch. der neuern Philoſophie, von Katzenberger.
Gangauf, des h. Auguſtinus Lehre von Gott, von Katzenberger.
Haffner, der Materialismus in der Culturgeſch., von Boſen.
Höfler, Scriptores rerum Husiticarum, von Friedrich.
Jungmann, die Schönheit und die ſchöne Kunſt, von Wedewer.
Kieſel, die Weltgeſchichte, 1. Bd, 2. Aufl., von Tücking.
Onno Klopp, die Werke von Leibnitz, von Katzenberger.
Laemmer, Decreta Concilii Ruthenorum, von Silbernagl.
Lindemann, Geſch. der deutſchen Literatur, von E. Göbel.
Ritzſch, Auguſtinus’ Lehre vom Wunder, von Simar.
Phillips, die Synode zu Tribur, von Schulte.
Prantl, Geſchichte der Logik, von Michelis.
Preuner, Heſtia⸗Beſta, von Stiefelhagen.
Schlayer, Beitr. zur Lehre vom Patronatrechte, von Schulte.</Unicode>
            </TextEquiv>
        </TextRegion>
        <TextRegion orientation="0.0" id="TextRegion_1618395133959_1069" custom="readingOrder {index:2;}">
            <Coords points="1103,138 2154,131 2154,1128 1112,1128"/>
            <TextLine id="r2l3" custom="readingOrder {index:0;}">
                <Coords points="1137,201 1186,199 1236,198 1286,197 1336,196 1386,196 1435,195 1485,195 1535,195 1585,195 1635,195 1684,195 1734,196 1784,196 1834,196 1884,196 1933,196 1983,196 2033,198 2083,198 2133,196 2133,166 2083,168 2033,168 1983,166 1933,166 1884,166 1834,166 1784,166 1734,166 1684,165 1635,165 1585,165 1535,165 1485,165 1435,165 1386,166 1336,166 1286,167 1236,168 1186,169 1137,171"/>
                <Baseline points="1137,191 1186,189 1236,188 1286,187 1336,186 1386,186 1435,185 1485,185 1535,185 1585,185 1635,185 1684,185 1734,186 1784,186 1834,186 1884,186 1933,186 1983,186 2033,188 2083,188 2133,186"/>
                <TextEquiv>
                    <Unicode>Schuſter, Handb. zur bibl. Geſch. des N. T., von Stiefelhagen.</Unicode>
                </TextEquiv>
            </TextLine>
            <TextLine id="r2l4" custom="readingOrder {index:1;} textStyle {offset:0; length:6;italic:true; fontSize:0.0; kerning:0;}">
                <Coords points="1136,235 1172,235 1209,235 1246,234 1283,234 1320,234 1357,234 1394,234 1431,233 1468,232 1505,232 1541,232 1578,232 1615,232 1652,232 1689,232 1726,233 1763,234 1800,234 1837,235 1874,235 1874,205 1837,205 1800,204 1763,204 1726,203 1689,202 1652,202 1615,202 1578,202 1541,202 1505,202 1468,202 1431,203 1394,204 1357,204 1320,204 1283,204 1246,204 1209,205 1172,205 1136,205"/>
                <Baseline points="1136,225 1172,225 1209,225 1246,224 1283,224 1320,224 1357,224 1394,224 1431,223 1468,222 1505,222 1541,222 1578,222 1615,222 1652,222 1689,222 1726,223 1763,224 1800,224 1837,225 1874,225"/>
                <TextEquiv>
                    <Unicode>Wenig, Schola syriaca, von Pius Zingerle.</Unicode>
                </TextEquiv>
            </TextLine>
            <TextLine id="r2l5" custom="readingOrder {index:2;}">
                <Coords points="1178,291 1220,290 1262,288 1304,288 1346,286 1388,286 1430,286 1472,286 1514,286 1556,286 1598,286 1640,286 1682,286 1724,286 1766,286 1808,288 1850,288 1892,288 1934,288 1977,288 1977,258 1934,258 1892,258 1850,258 1808,258 1766,256 1724,256 1682,256 1640,256 1598,256 1556,256 1514,256 1472,256 1430,256 1388,256 1346,256 1304,258 1262,258 1220,260 1178,261"/>
                <Baseline points="1178,281 1220,280 1262,278 1304,278 1346,276 1388,276 1430,276 1472,276 1514,276 1556,276 1598,276 1640,276 1682,276 1724,276 1766,276 1808,278 1850,278 1892,278 1934,278 1977,278"/>
                <TextEquiv>
                    <Unicode>Ferner ſind zur Beſprechung in Ausſicht genommen:</Unicode>
                </TextEquiv>
            </TextLine>
            <TextLine id="r2l7" custom="readingOrder {index:3;}">
                <Coords points="1124,333 1149,334 1175,334 1201,334 1227,334 1253,334 1279,334 1305,334 1331,333 1357,333 1382,332 1408,331 1434,331 1460,330 1486,329 1512,328 1538,328 1564,328 1606,328 1606,298 1564,298 1538,298 1512,298 1486,299 1460,300 1434,301 1408,301 1382,302 1357,303 1331,303 1305,304 1279,304 1253,304 1227,304 1201,304 1175,304 1149,304 1124,303"/>
                <Baseline points="1124,323 1149,324 1175,324 1201,324 1227,324 1253,324 1279,324 1305,324 1331,323 1357,323 1382,322 1408,321 1434,321 1460,320 1486,319 1512,318 1538,318 1564,318 1607,318"/>
                <TextEquiv>
                    <Unicode>Delitzſch, der Prophet Jeſaja.</Unicode>
                </TextEquiv>
            </TextLine>
            <TextLine id="r2l8" custom="readingOrder {index:4;}">
                <Coords points="1125,373 1153,372 1181,372 1210,372 1238,371 1266,370 1295,370 1323,370 1351,369 1380,369 1408,369 1436,369 1465,367 1493,367 1521,367 1550,367 1578,366 1606,366 1635,366 1663,364 1692,364 1692,334 1663,334 1635,336 1606,336 1578,336 1550,337 1521,337 1493,337 1465,337 1436,339 1408,339 1380,339 1351,339 1323,340 1295,340 1266,340 1238,341 1210,342 1181,342 1153,342 1125,343"/>
                <Baseline points="1125,363 1153,362 1181,362 1210,362 1238,361 1266,360 1295,360 1323,360 1351,359 1380,359 1408,359 1436,359 1465,357 1493,357 1521,357 1550,357 1578,356 1606,356 1635,356 1663,354 1692,354"/>
                <TextEquiv>
                    <Unicode>Janſſen, die erſte Theilung Polens.</Unicode>
                </TextEquiv>
            </TextLine>
            <TextLine id="r2l11" custom="readingOrder {index:5;}">
                <Coords points="1133,408 1165,409 1198,409 1231,409 1263,409 1296,409 1329,409 1361,408 1394,406 1427,406 1460,405 1492,405 1525,403 1558,403 1590,402 1623,402 1656,402 1688,402 1721,402 1754,403 1787,405 1787,375 1754,373 1721,372 1688,372 1656,372 1623,372 1590,372 1558,373 1525,373 1492,375 1460,375 1427,376 1394,376 1361,378 1329,379 1296,379 1263,379 1231,379 1198,379 1165,379 1133,378"/>
                <Baseline points="1133,398 1165,399 1198,399 1231,399 1263,399 1296,399 1329,399 1361,398 1394,396 1427,396 1460,395 1492,395 1525,393 1558,393 1590,392 1623,392 1656,392 1688,392 1721,392 1754,393 1787,395"/>
                <TextEquiv>
                    <Unicode>Lange, Theologiſch⸗homiletiſches Bibelwerk.</Unicode>
                </TextEquiv>
            </TextLine>
            <TextLine id="r2l15" custom="readingOrder {index:6;} textStyle {offset:0; length:28;fontSize:0.0; kerning:0; bold:true;}">
                <Coords points="1169,496 1216,496 1264,495 1312,495 1359,495 1407,495 1455,493 1502,493 1550,492 1598,492 1646,492 1693,492 1741,490 1789,490 1836,490 1884,490 1932,492 1979,492 2027,492 2075,493 2139,491 2139,461 2075,463 2027,462 1979,462 1932,462 1884,460 1836,460 1789,460 1741,460 1693,462 1646,462 1598,462 1550,462 1502,463 1455,463 1407,465 1359,465 1312,465 1264,465 1216,466 1169,466"/>
                <Baseline points="1169,486 1216,486 1264,485 1312,485 1359,485 1407,485 1455,483 1502,483 1550,482 1598,482 1646,482 1693,482 1741,480 1789,480 1836,480 1884,480 1932,482 1979,482 2027,482 2075,483 2145,488"/>
                <TextEquiv>
                    <Unicode>Correſpondenz der Redaction. Nro. 18: Es eilt nicht.</Unicode>
                </TextEquiv>
            </TextLine>
            <TextLine id="r2l16" custom="readingOrder {index:7;}">
                <Coords points="1134,532 1186,532 1239,532 1291,531 1344,531 1396,531 1449,529 1502,529 1554,528 1607,528 1659,528 1712,528 1764,527 1817,526 1870,526 1922,528 1975,528 2027,528 2080,529 2133,529 2133,499 2080,499 2027,498 1975,498 1922,498 1870,496 1817,496 1764,497 1712,498 1659,498 1607,498 1554,498 1502,499 1449,499 1396,501 1344,501 1291,501 1239,502 1186,502 1134,502"/>
                <Baseline points="1134,522 1186,522 1239,522 1291,521 1344,521 1396,521 1449,519 1502,519 1554,518 1607,518 1659,518 1712,518 1764,517 1817,516 1870,516 1922,518 1975,518 2027,518 2080,519 2133,519"/>
                <TextEquiv>
                    <Unicode>Nro. 56: Sendung über Köln erhalten. Nro. 60: Quousque tan-</Unicode>
                </TextEquiv>
            </TextLine>
            <TextLine id="r2l17" custom="readingOrder {index:8;}">
                <Coords points="1133,568 1183,568 1233,568 1283,567 1333,567 1383,567 1433,565 1483,565 1533,564 1583,564 1634,564 1684,564 1734,564 1784,564 1834,564 1884,564 1934,564 1984,565 2034,565 2084,567 2135,568 2135,538 2084,537 2034,535 1984,535 1934,534 1884,534 1834,534 1784,534 1734,534 1684,534 1634,534 1583,534 1533,534 1483,535 1433,535 1383,537 1333,537 1283,537 1233,538 1183,538 1133,538"/>
                <Baseline points="1133,558 1183,558 1233,558 1283,557 1333,557 1383,557 1433,555 1483,555 1533,554 1583,554 1634,554 1684,554 1734,554 1784,554 1834,554 1884,554 1934,554 1984,555 2034,555 2084,557 2135,558"/>
                <TextEquiv>
                    <Unicode>dem? Nro 76: H. iſt leider in derſelben Lage wie Sie. Der</Unicode>
                </TextEquiv>
            </TextLine>
            <TextLine id="r2l18" custom="readingOrder {index:9;}">
                <Coords points="1137,607 1186,606 1236,606 1286,604 1336,604 1386,603 1435,603 1485,601 1535,601 1585,601 1635,600 1684,600 1734,600 1784,600 1834,600 1884,600 1933,601 1983,601 2033,603 2083,603 2133,604 2133,574 2083,573 2033,573 1983,571 1933,571 1884,570 1834,570 1784,570 1734,570 1684,570 1635,570 1585,571 1535,571 1485,571 1435,573 1386,573 1336,574 1286,574 1236,576 1186,576 1137,577"/>
                <Baseline points="1137,597 1186,596 1236,596 1286,594 1336,594 1386,593 1435,593 1485,591 1535,591 1585,591 1635,590 1684,590 1734,590 1784,590 1834,590 1884,590 1933,591 1983,591 2033,593 2083,593 2133,594"/>
                <TextEquiv>
                    <Unicode>Ruſſe kann warten. Nro. 94: Pr. willkommen. Nro. 154: Der</Unicode>
                </TextEquiv>
            </TextLine>
            <TextLine id="r2l19" custom="readingOrder {index:10;}">
                <Coords points="1124,643 1174,642 1225,642 1276,640 1326,640 1377,639 1428,639 1478,638 1529,637 1580,637 1631,637 1681,637 1732,637 1783,637 1833,637 1884,637 1935,637 1985,639 2036,639 2087,639 2138,640 2138,610 2087,609 2036,609 1985,609 1935,607 1884,607 1833,607 1783,607 1732,607 1681,607 1631,607 1580,607 1529,607 1478,608 1428,609 1377,609 1326,610 1276,610 1225,612 1174,612 1124,613"/>
                <Baseline points="1124,633 1174,632 1225,632 1276,630 1326,630 1377,629 1428,629 1478,628 1529,627 1580,627 1631,627 1681,627 1732,627 1783,627 1833,627 1884,627 1935,627 1985,629 2036,629 2087,629 2138,630"/>
                <TextEquiv>
                    <Unicode>im Briefe erwähnte Artikel lag nicht bei; Ignoriren iſt übrigens</Unicode>
                </TextEquiv>
            </TextLine>
            <TextLine id="r2l20" custom="readingOrder {index:11;}">
                <Coords points="1122,681 1172,681 1223,679 1274,679 1325,678 1376,678 1427,676 1477,676 1528,675 1579,675 1630,675 1681,673 1732,673 1783,673 1833,673 1884,673 1935,673 1986,673 2037,675 2088,675 2139,676 2139,646 2088,645 2037,645 1986,643 1935,643 1884,643 1833,643 1783,643 1732,643 1681,643 1630,645 1579,645 1528,645 1477,646 1427,646 1376,648 1325,648 1274,649 1223,649 1172,651 1122,651"/>
                <Baseline points="1122,671 1172,671 1223,669 1274,669 1325,668 1376,668 1427,666 1477,666 1528,665 1579,665 1630,665 1681,663 1732,663 1783,663 1833,663 1884,663 1935,663 1986,663 2037,665 2088,665 2139,666"/>
                <TextEquiv>
                    <Unicode>auch Recenſiren. Nro. 171: Vortrefflich. In Nro. 3 oder 4.</Unicode>
                </TextEquiv>
            </TextLine>
            <TextLine id="r2l21" custom="readingOrder {index:12;}">
                <Coords points="1131,718 1180,718 1230,717 1280,715 1330,715 1380,714 1430,714 1480,712 1530,712 1580,712 1630,712 1679,711 1729,711 1779,711 1829,711 1879,711 1929,711 1979,711 2029,711 2079,711 2129,711 2129,681 2079,681 2029,681 1979,681 1929,681 1879,681 1829,681 1779,681 1729,681 1679,681 1630,682 1580,682 1530,682 1480,682 1430,684 1380,684 1330,685 1280,685 1230,687 1180,688 1131,688"/>
                <Baseline points="1131,708 1180,708 1230,707 1280,705 1330,705 1380,704 1430,704 1480,702 1530,702 1580,702 1630,702 1679,701 1729,701 1779,701 1829,701 1879,701 1929,701 1979,701 2029,701 2079,701 2129,701"/>
                <TextEquiv>
                    <Unicode>Nro. 184: Sie erhalten bis auf Weiteres das Blatt in der ge⸗</Unicode>
                </TextEquiv>
            </TextLine>
            <TextLine id="r2l22" custom="readingOrder {index:13;}">
                <Coords points="1131,753 1181,753 1232,753 1282,753 1333,753 1383,753 1434,751 1484,751 1535,751 1585,751 1636,750 1687,750 1737,750 1788,750 1838,750 1889,748 1939,748 1990,748 2040,750 2091,750 2142,750 2142,720 2091,720 2040,720 1990,718 1939,718 1889,718 1838,720 1788,720 1737,720 1687,720 1636,720 1585,721 1535,721 1484,721 1434,721 1383,723 1333,723 1282,723 1232,723 1181,723 1131,723"/>
                <Baseline points="1131,743 1181,743 1232,743 1282,743 1333,743 1383,743 1434,741 1484,741 1535,741 1585,741 1636,740 1687,740 1737,740 1788,740 1838,740 1889,738 1939,738 1990,738 2040,740 2091,740 2142,740"/>
                <TextEquiv>
                    <Unicode>wünſchten Weise. Ich ſchicke Ihnen die 2. Abth. von B. Nro. 77:</Unicode>
                </TextEquiv>
            </TextLine>
            <TextLine id="r2l23" custom="readingOrder {index:14;}">
                <Coords points="1137,789 1164,790 1192,790 1219,790 1247,790 1275,789 1302,789 1330,789 1357,789 1385,788 1413,787 1440,787 1468,787 1495,786 1523,786 1551,786 1578,786 1606,787 1633,787 1661,787 1689,789 1689,759 1661,757 1633,757 1606,757 1578,756 1551,756 1523,756 1495,756 1468,757 1440,757 1413,757 1385,758 1357,759 1330,759 1302,759 1275,759 1247,760 1219,760 1192,760 1164,760 1137,759"/>
                <Baseline points="1137,779 1164,780 1192,780 1219,780 1247,780 1275,779 1302,779 1330,779 1357,779 1385,778 1413,777 1440,777 1468,777 1495,776 1523,776 1551,776 1578,776 1606,777 1633,777 1661,777 1689,779"/>
                <TextEquiv>
                    <Unicode>Artikel von Ihnen und Sch. erhalten.</Unicode>
                </TextEquiv>
            </TextLine>
            <TextLine id="r2l24" custom="readingOrder {index:15;} textStyle {offset:11; length:18;fontSize:0.0; kerning:0; bold:true;}">
                <Coords points="1164,837 1212,835 1260,834 1308,834 1356,834 1404,834 1452,833 1500,832 1548,832 1596,832 1645,832 1693,832 1741,832 1789,832 1837,832 1885,832 1933,831 1981,831 2029,831 2077,829 2145,828 2145,798 2077,799 2029,801 1981,801 1933,801 1885,802 1837,802 1789,802 1741,802 1693,802 1645,802 1596,802 1548,802 1500,802 1452,803 1404,804 1356,804 1308,804 1260,804 1212,805 1164,807"/>
                <Baseline points="1164,827 1212,825 1260,824 1308,824 1356,824 1404,824 1452,823 1500,822 1548,822 1596,822 1645,822 1693,822 1741,822 1789,822 1837,822 1885,822 1933,821 1981,821 2029,821 2077,819 2140,820"/>
                <TextEquiv>
                    <Unicode>Die Herren Verlagsbuchhändler werden gebeten, Recenſions⸗</Unicode>
                </TextEquiv>
            </TextLine>
            <TextLine id="r2l25" custom="readingOrder {index:16;}">
                <Coords points="1130,870 1180,870 1230,870 1280,870 1330,870 1380,870 1430,870 1480,870 1530,870 1580,870 1630,870 1680,868 1730,868 1780,868 1830,868 1880,868 1930,868 1980,868 2030,868 2080,868 2130,870 2130,840 2080,838 2030,838 1980,838 1930,838 1880,838 1830,838 1780,838 1730,838 1680,838 1630,840 1580,840 1530,840 1480,840 1430,840 1380,840 1330,840 1280,840 1230,840 1180,840 1130,840"/>
                <Baseline points="1130,860 1180,860 1230,860 1280,860 1330,860 1380,860 1430,860 1480,860 1530,860 1580,860 1630,860 1680,858 1730,858 1780,858 1830,858 1880,858 1930,858 1980,858 2030,858 2080,858 2130,860"/>
                <TextEquiv>
                    <Unicode>Exemplare von neuen theologiſchen und verwandten Schriften mög⸗</Unicode>
                </TextEquiv>
            </TextLine>
            <TextLine id="r2l26" custom="readingOrder {index:17;}">
                <Coords points="1122,905 1186,907 1236,906 1285,906 1335,906 1385,906 1434,906 1484,906 1534,906 1583,906 1633,906 1683,906 1732,906 1782,906 1832,906 1881,906 1931,906 1981,906 2030,906 2080,904 2130,904 2130,874 2080,874 2030,876 1981,876 1931,876 1881,876 1832,876 1782,876 1732,876 1683,876 1633,876 1583,876 1534,876 1484,876 1434,876 1385,876 1335,876 1285,876 1236,876 1186,877 1122,875"/>
                <Baseline points="1126,897 1186,897 1236,896 1285,896 1335,896 1385,896 1434,896 1484,896 1534,896 1583,896 1633,896 1683,896 1732,896 1782,896 1832,896 1881,896 1931,896 1981,896 2030,896 2080,894 2130,894"/>
                <TextEquiv>
                    <Unicode>lichſt früh durch Herrn A. Henry an die Redaction gelangen zu</Unicode>
                </TextEquiv>
            </TextLine>
            <TextLine id="r2l27" custom="readingOrder {index:18;}">
                <Coords points="1133,942 1183,942 1233,942 1283,940 1333,940 1383,940 1433,940 1483,940 1533,940 1583,942 1634,942 1684,942 1734,942 1784,942 1834,942 1884,943 1934,942 1984,942 2034,942 2084,940 2135,940 2135,910 2084,910 2034,912 1984,912 1934,912 1884,913 1834,912 1784,912 1734,912 1684,912 1634,912 1583,912 1533,910 1483,910 1433,910 1383,910 1333,910 1283,910 1233,912 1183,912 1133,912"/>
                <Baseline points="1133,932 1183,932 1233,932 1283,930 1333,930 1383,930 1433,930 1483,930 1533,930 1583,932 1634,932 1684,932 1734,932 1784,932 1834,932 1884,933 1934,932 1984,932 2034,932 2084,930 2135,930"/>
                <TextEquiv>
                    <Unicode>laſſen, — Predigten, Erbauungsbücher und dgl. und Bücher, die</Unicode>
                </TextEquiv>
            </TextLine>
            <TextLine id="r2l28" custom="readingOrder {index:19;}">
                <Coords points="1124,978 1158,978 1193,978 1227,979 1262,979 1296,979 1331,979 1365,979 1400,978 1434,978 1469,978 1504,978 1538,978 1573,978 1607,978 1642,978 1676,978 1711,978 1745,978 1780,979 1815,981 1815,951 1780,949 1745,948 1711,948 1676,948 1642,948 1607,948 1573,948 1538,948 1504,948 1469,948 1434,948 1400,948 1365,949 1331,949 1296,949 1262,949 1227,949 1193,948 1158,948 1124,948"/>
                <Baseline points="1124,968 1158,968 1193,968 1227,969 1262,969 1296,969 1331,969 1365,969 1400,968 1434,968 1469,968 1504,968 1538,968 1573,968 1607,968 1642,968 1676,968 1711,968 1745,968 1780,969 1815,971"/>
                <TextEquiv>
                    <Unicode>vor 1865 erſchienen ſind, nur auf Verlangen.</Unicode>
                </TextEquiv>
            </TextLine>
            <TextLine id="r2l30" custom="readingOrder {index:20;}">
                <Coords points="1157,1024 1205,1024 1254,1023 1302,1023 1351,1021 1400,1021 1448,1021 1497,1021 1546,1021 1594,1021 1643,1021 1692,1023 1740,1023 1789,1023 1838,1023 1886,1023 1935,1023 1984,1023 2032,1021 2081,1021 2130,1021 2130,991 2081,991 2032,991 1984,993 1935,993 1886,993 1838,993 1789,993 1740,993 1692,993 1643,991 1594,991 1546,991 1497,991 1448,991 1400,991 1351,991 1302,993 1254,993 1205,994 1157,994"/>
                <Baseline points="1157,1014 1205,1014 1254,1013 1302,1013 1351,1011 1400,1011 1448,1011 1497,1011 1546,1011 1594,1011 1643,1011 1692,1013 1740,1013 1789,1013 1838,1013 1886,1013 1935,1013 1984,1013 2032,1011 2081,1011 2130,1011"/>
                <TextEquiv>
                    <Unicode>Die Herausgeber von wiſſenſchaftlich⸗theologiſchen und literariſchen</Unicode>
                </TextEquiv>
            </TextLine>
            <TextLine id="r2l31" custom="readingOrder {index:21;} textStyle {offset:0; length:14;fontSize:0.0; kerning:0; bold:true;}">
                <Coords points="1122,1063 1172,1062 1222,1060 1272,1060 1323,1059 1373,1059 1423,1059 1473,1059 1524,1059 1574,1059 1624,1059 1674,1059 1725,1059 1775,1059 1825,1059 1875,1059 1926,1059 1976,1059 2026,1059 2076,1059 2127,1059 2127,1029 2076,1029 2026,1029 1976,1029 1926,1029 1875,1029 1825,1029 1775,1029 1725,1029 1674,1029 1624,1029 1574,1029 1524,1029 1473,1029 1423,1029 1373,1029 1323,1029 1272,1030 1222,1030 1172,1032 1122,1033"/>
                <Baseline points="1122,1053 1172,1052 1222,1050 1272,1050 1323,1049 1373,1049 1423,1049 1473,1049 1524,1049 1574,1049 1624,1049 1674,1049 1725,1049 1775,1049 1825,1049 1875,1049 1926,1049 1976,1049 2026,1049 2076,1049 2127,1049"/>
                <TextEquiv>
                    <Unicode>Zeitſchriften, welche das theologiſche Literaturblatt einzutauſchen</Unicode>
                </TextEquiv>
            </TextLine>
            <TextLine id="r2l32" custom="readingOrder {index:22;}">
                <Coords points="1134,1101 1184,1099 1234,1098 1284,1098 1334,1096 1384,1096 1434,1096 1484,1096 1534,1096 1584,1096 1634,1096 1684,1098 1734,1098 1784,1098 1834,1098 1884,1098 1934,1098 1984,1098 2034,1096 2084,1096 2135,1095 2135,1065 2084,1066 2034,1066 1984,1068 1934,1068 1884,1068 1834,1068 1784,1068 1734,1068 1684,1068 1634,1066 1584,1066 1534,1066 1484,1066 1434,1066 1384,1066 1334,1066 1284,1068 1234,1068 1184,1069 1134,1071"/>
                <Baseline points="1134,1091 1184,1089 1234,1088 1284,1088 1334,1086 1384,1086 1434,1086 1484,1086 1534,1086 1584,1086 1634,1086 1684,1088 1734,1088 1784,1088 1834,1088 1884,1088 1934,1088 1984,1088 2034,1086 2084,1086 2135,1085"/>
                <TextEquiv>
                    <Unicode>wünſchen, mögen ſich an den Redacteur oder den Verleger wenden.</Unicode>
                </TextEquiv>
            </TextLine>
            <TextEquiv>
                <Unicode>Schuſter, Handb. zur bibl. Geſch. des N. T., von Stiefelhagen.
Wenig, Schola syriaca, von Pius Zingerle.
Ferner ſind zur Beſprechung in Ausſicht genommen:
Delitzſch, der Prophet Jeſaja.
Janſſen, die erſte Theilung Polens.
Lange, Theologiſch⸗homiletiſches Bibelwerk.
Correſpondenz der Redaction. Nro. 18: Es eilt nicht.
Nro. 56: Sendung über Köln erhalten. Nro. 60: Quousque tan-
dem? Nro 76: H. iſt leider in derſelben Lage wie Sie. Der
Ruſſe kann warten. Nro. 94: Pr. willkommen. Nro. 154: Der
im Briefe erwähnte Artikel lag nicht bei; Ignoriren iſt übrigens
auch Recenſiren. Nro. 171: Vortrefflich. In Nro. 3 oder 4.
Nro. 184: Sie erhalten bis auf Weiteres das Blatt in der ge⸗
wünſchten Weise. Ich ſchicke Ihnen die 2. Abth. von B. Nro. 77:
Artikel von Ihnen und Sch. erhalten.
Die Herren Verlagsbuchhändler werden gebeten, Recenſions⸗
Exemplare von neuen theologiſchen und verwandten Schriften mög⸗
lichſt früh durch Herrn A. Henry an die Redaction gelangen zu
laſſen, — Predigten, Erbauungsbücher und dgl. und Bücher, die
vor 1865 erſchienen ſind, nur auf Verlangen.
Die Herausgeber von wiſſenſchaftlich⸗theologiſchen und literariſchen
Zeitſchriften, welche das theologiſche Literaturblatt einzutauſchen
wünſchen, mögen ſich an den Redacteur oder den Verleger wenden.</Unicode>
            </TextEquiv>
        </TextRegion>
        <TextRegion orientation="0.0" id="TextRegion_1618395218734_1138" custom="readingOrder {index:3;}">
            <Coords points="850,1155 1119,1152 1332,1155 1348,1263 1113,1270 1091,1270 850,1263"/>
            <TextLine id="line_1618395340994_1199" custom="readingOrder {index:0;} textStyle {offset:0; length:9;fontSize:0.0; kerning:0; bold:true;}">
                <Coords points="863,1160 924,1165 1095,1167 1288,1169 1330,1192 1317,1252 1185,1255 1158,1255 982,1254 873,1252"/>
                <Baseline points="873,1242 900,1241 927,1241 954,1242 982,1244 1009,1244 1036,1244 1063,1244 1091,1241 1106,1241 1132,1243 1158,1245 1185,1245 1211,1244 1237,1242 1264,1241 1290,1241 1317,1242"/>
                <TextEquiv>
                    <Unicode>Anzeigen.</Unicode>
                </TextEquiv>
            </TextLine>
            <TextEquiv>
                <Unicode>Anzeigen.</Unicode>
            </TextEquiv>
        </TextRegion>
        <TextRegion orientation="0.0" id="TextRegion_1618395244625_1145" custom="readingOrder {index:4;}">
            <Coords points="50,1270 1091,1270 1091,2965 50,2965"/>
            <TextLine id="r1l31" custom="readingOrder {index:0;} textStyle {offset:24; length:39;fontSize:0.0; kerning:0; bold:true;}">
                <Coords points="104,1330 152,1330 201,1330 249,1330 298,1330 347,1330 395,1330 444,1330 493,1329 541,1329 590,1329 639,1329 687,1329 736,1327 785,1327 833,1327 882,1327 931,1327 979,1327 1028,1327 1077,1329 1077,1299 1028,1297 979,1297 931,1297 882,1297 833,1297 785,1297 736,1297 687,1299 639,1299 590,1299 541,1299 493,1299 444,1300 395,1300 347,1300 298,1300 249,1300 201,1300 152,1300 104,1300"/>
                <Baseline points="104,1320 152,1320 201,1320 249,1320 298,1320 347,1320 395,1320 444,1320 493,1319 541,1319 590,1319 639,1319 687,1319 736,1317 785,1317 833,1317 882,1317 931,1317 979,1317 1028,1317 1077,1319"/>
                <TextEquiv>
                    <Unicode>So eben erſchien Nr. 71 Antiquariſches Bücherverzeichniß (Theo⸗</Unicode>
                </TextEquiv>
            </TextLine>
            <TextLine id="r1l32" custom="readingOrder {index:1;} textStyle {offset:0; length:7;fontSize:0.0; kerning:0; bold:true;}">
                <Coords points="50,1368 80,1368 110,1368 140,1368 170,1368 200,1368 230,1368 260,1368 290,1368 320,1368 350,1368 380,1367 410,1366 440,1366 470,1366 500,1366 530,1366 560,1366 590,1366 620,1366 650,1366 650,1336 620,1336 590,1336 560,1336 530,1336 500,1336 470,1336 440,1336 410,1336 380,1337 350,1338 320,1338 290,1338 260,1338 230,1338 200,1338 170,1338 140,1338 110,1338 80,1338 50,1338"/>
                <Baseline points="50,1358 80,1358 110,1358 140,1358 170,1358 200,1358 230,1358 260,1358 290,1358 320,1358 350,1358 380,1357 410,1356 440,1356 470,1356 500,1356 530,1356 560,1356 590,1356 620,1356 650,1356"/>
                <TextEquiv>
                    <Unicode>logie), enthält auch werthvolle Patriſtik.</Unicode>
                </TextEquiv>
            </TextLine>
            <TextLine id="r1l33" custom="readingOrder {index:2;}">
                <Coords points="131,1411 157,1411 183,1411 210,1411 236,1413 263,1414 263,1383 236,1382 210,1380 183,1380 157,1380 131,1380"/>
                <Baseline points="131,1401 157,1401 183,1401 210,1401 236,1403 263,1404"/>
                <TextEquiv>
                    <Unicode>Berlin.</Unicode>
                </TextEquiv>
            </TextLine>
            <TextLine id="r1l34" custom="readingOrder {index:3;} textStyle {offset:0; length:16;fontSize:0.0; kerning:0; bold:true;}">
                <Coords points="506,1452 532,1451 558,1449 584,1448 611,1447 637,1446 663,1446 689,1446 716,1446 742,1446 768,1446 794,1446 821,1444 847,1444 873,1444 899,1444 926,1444 952,1444 978,1443 1004,1441 1031,1440 1031,1409 1004,1410 978,1412 952,1413 926,1413 899,1413 873,1413 847,1413 821,1413 794,1415 768,1415 742,1415 716,1415 689,1415 663,1415 637,1415 611,1416 584,1417 558,1418 532,1420 506,1421"/>
                <Baseline points="506,1442 532,1441 558,1439 584,1438 611,1437 637,1436 663,1436 689,1436 716,1436 742,1436 768,1436 794,1436 821,1434 847,1434 873,1434 899,1434 926,1434 952,1434 978,1433 1004,1431 1031,1430"/>
                <TextEquiv>
                    <Unicode>J. A. Stargardt, Jägerſtr. 53.</Unicode>
                </TextEquiv>
            </TextLine>
            <TextLine id="r1l35" custom="readingOrder {index:4;} textStyle {offset:0; length:43;fontSize:0.0; kerning:0; bold:true;}">
                <Coords points="126,1564 170,1564 214,1563 258,1563 303,1563 347,1563 391,1561 435,1561 480,1561 524,1561 568,1560 612,1560 657,1560 701,1560 745,1560 789,1559 834,1558 878,1558 922,1558 966,1558 1011,1558 1011,1527 966,1527 922,1527 878,1527 834,1527 789,1528 745,1529 701,1529 657,1529 612,1529 568,1529 524,1530 480,1530 435,1530 391,1530 347,1532 303,1532 258,1532 214,1532 170,1533 126,1533"/>
                <Baseline points="126,1554 170,1554 214,1553 258,1553 303,1553 347,1553 391,1551 435,1551 480,1551 524,1551 568,1550 612,1550 657,1550 701,1550 745,1550 789,1549 834,1548 878,1548 922,1548 966,1548 1011,1548"/>
                <TextEquiv>
                    <Unicode>Verlag der Fr. Hurter’ſchen Buchhandlung in</Unicode>
                </TextEquiv>
            </TextLine>
            <TextLine id="r1l36" custom="readingOrder {index:5;} textStyle {offset:0; length:13;fontSize:0.0; kerning:0; bold:true;}">
                <Coords points="462,1605 488,1605 515,1605 541,1605 568,1605 595,1605 621,1605 648,1605 675,1605 675,1574 648,1574 621,1574 595,1574 568,1574 541,1574 515,1574 488,1574 462,1574"/>
                <Baseline points="462,1595 488,1595 515,1595 541,1595 568,1595 595,1595 621,1595 648,1595 675,1595"/>
                <TextEquiv>
                    <Unicode>Schaffhauſen.</Unicode>
                </TextEquiv>
            </TextLine>
            <TextLine id="r1l37" custom="readingOrder {index:6;} textStyle {offset:0; length:17;fontSize:0.0; kerning:0; bold:true;}">
                <Coords points="60,1663 110,1663 160,1663 211,1663 261,1663 311,1665 362,1665 412,1665 462,1665 513,1665 563,1665 613,1665 664,1663 714,1663 764,1663 815,1663 865,1662 915,1662 966,1660 1016,1659 1082,1659 1082,1628 1016,1628 966,1629 915,1631 865,1631 815,1632 764,1632 714,1632 664,1632 613,1634 563,1634 513,1634 462,1634 412,1634 362,1634 311,1634 261,1632 211,1632 160,1632 110,1632 60,1632"/>
                <Baseline points="60,1653 110,1653 160,1653 211,1653 261,1653 311,1655 362,1655 412,1655 462,1655 513,1655 563,1655 613,1655 664,1653 714,1653 764,1653 815,1653 865,1652 915,1652 966,1650 1016,1649 1083,1648"/>
                <TextEquiv>
                    <Unicode>Convertitenbilder aus dem neunzehnten Jahrhundert.</Unicode>
                </TextEquiv>
            </TextLine>
            <TextLine id="r1l38" custom="readingOrder {index:7;}">
                <Coords points="113,1708 160,1710 208,1710 256,1711 303,1711 351,1711 399,1710 446,1710 494,1710 542,1710 590,1708 637,1708 685,1708 733,1707 780,1707 828,1707 876,1707 923,1707 971,1707 1019,1707 1086,1701 1086,1671 1016,1673 971,1677 923,1677 876,1677 828,1677 780,1677 733,1677 685,1678 637,1678 590,1678 542,1680 494,1680 446,1680 399,1680 351,1681 303,1681 256,1681 208,1680 160,1680 113,1678"/>
                <Baseline points="113,1698 160,1700 208,1700 256,1701 303,1701 351,1701 399,1700 446,1700 494,1700 542,1700 590,1698 637,1698 685,1698 733,1697 780,1697 828,1697 876,1697 923,1697 971,1697 1019,1697 1082,1699"/>
                <TextEquiv>
                    <Unicode>Von D. A. Roſenthal. Erſter Band. Deutſchland. I. fl. 3.</Unicode>
                </TextEquiv>
            </TextLine>
            <TextLine id="r1l39" custom="readingOrder {index:8;}">
                <Coords points="98,1750 123,1752 149,1752 175,1753 201,1753 227,1753 252,1753 278,1753 304,1753 330,1753 356,1752 381,1752 407,1752 433,1752 459,1752 485,1753 485,1723 459,1722 433,1722 407,1722 381,1722 356,1722 330,1723 304,1723 278,1723 252,1723 227,1723 201,1723 175,1723 149,1722 123,1722 98,1720"/>
                <Baseline points="98,1740 123,1742 149,1742 175,1743 201,1743 227,1743 252,1743 278,1743 304,1743 330,1743 356,1742 381,1742 407,1742 433,1742 459,1742 485,1743"/>
                <TextEquiv>
                    <Unicode>36 kr. Thlr. 2. 3 Sgr.</Unicode>
                </TextEquiv>
            </TextLine>
            <TextLine id="r1l40" custom="readingOrder {index:9;}">
                <Coords points="95,1798 143,1800 192,1800 241,1800 290,1800 339,1801 387,1801 436,1801 485,1801 534,1801 583,1801 631,1800 680,1800 729,1800 778,1800 827,1800 875,1798 924,1798 973,1798 1022,1797 1071,1797 1071,1767 1022,1767 973,1768 924,1768 875,1768 827,1770 778,1770 729,1770 680,1770 631,1770 583,1771 534,1771 485,1771 436,1771 387,1771 339,1771 290,1770 241,1770 192,1770 143,1770 95,1768"/>
                <Baseline points="95,1788 143,1790 192,1790 241,1790 290,1790 339,1791 387,1791 436,1791 485,1791 534,1791 583,1791 631,1790 680,1790 729,1790 778,1790 827,1790 875,1788 924,1788 973,1788 1022,1787 1071,1787"/>
                <TextEquiv>
                    <Unicode>Dieſe vollſtändige Sammlung aller hervorragenden Converſionen</Unicode>
                </TextEquiv>
            </TextLine>
            <TextLine id="r1l41" custom="readingOrder {index:10;}">
                <Coords points="62,1837 112,1837 163,1837 213,1837 264,1837 314,1837 365,1837 415,1837 466,1836 516,1836 567,1836 618,1836 668,1836 719,1836 769,1836 820,1836 870,1836 921,1834 971,1834 1022,1834 1073,1833 1073,1803 1022,1804 971,1804 921,1804 870,1806 820,1806 769,1806 719,1806 668,1806 618,1806 567,1806 516,1806 466,1806 415,1807 365,1807 314,1807 264,1807 213,1807 163,1807 112,1807 62,1807"/>
                <Baseline points="62,1827 112,1827 163,1827 213,1827 264,1827 314,1827 365,1827 415,1827 466,1826 516,1826 567,1826 618,1826 668,1826 719,1826 769,1826 820,1826 870,1826 921,1824 971,1824 1022,1824 1073,1823"/>
                <TextEquiv>
                    <Unicode>zur katholiſchen Kirche im Laufe dieſes Jahrhunderts, meiſt nach</Unicode>
                </TextEquiv>
            </TextLine>
            <TextLine id="r1l42" custom="readingOrder {index:11;}">
                <Coords points="66,1873 115,1873 165,1873 215,1873 265,1873 315,1873 365,1873 415,1873 465,1873 515,1873 565,1873 614,1873 664,1873 714,1873 764,1873 814,1872 864,1872 914,1872 964,1872 1014,1872 1084,1867 1084,1837 1014,1842 964,1842 914,1842 864,1842 814,1842 764,1843 714,1843 664,1843 614,1843 565,1843 515,1843 465,1843 415,1843 365,1843 315,1843 265,1843 215,1843 165,1843 115,1843 66,1843"/>
                <Baseline points="66,1863 115,1863 165,1863 215,1863 265,1863 315,1863 365,1863 415,1863 465,1863 515,1863 565,1863 614,1863 664,1863 714,1863 764,1863 814,1862 864,1862 914,1862 964,1862 1014,1862 1064,1862"/>
                <TextEquiv>
                    <Unicode>den eigenhändigen Aufzeichnungen der betreffenden Perſönlichkeiten,</Unicode>
                </TextEquiv>
            </TextLine>
            <TextLine id="r1l43" custom="readingOrder {index:12;}">
                <Coords points="65,1911 107,1911 149,1911 191,1911 233,1911 275,1909 317,1909 359,1909 401,1909 443,1909 485,1909 527,1909 569,1909 611,1909 653,1909 695,1909 737,1909 779,1909 821,1909 863,1909 905,1908 905,1878 863,1879 821,1879 779,1879 737,1879 695,1879 653,1879 611,1879 569,1879 527,1879 485,1879 443,1879 401,1879 359,1879 317,1879 275,1879 233,1881 191,1881 149,1881 107,1881 65,1881"/>
                <Baseline points="65,1901 107,1901 149,1901 191,1901 233,1901 275,1899 317,1899 359,1899 401,1899 443,1899 485,1899 527,1899 569,1899 611,1899 653,1899 695,1899 737,1899 779,1899 821,1899 863,1899 905,1898"/>
                <TextEquiv>
                    <Unicode>dürfte geeignet ſein, ein allſeitiges Intereſſe zu erwecken.</Unicode>
                </TextEquiv>
            </TextLine>
            <TextLine id="r1l45" custom="readingOrder {index:13;}">
                <Coords points="288,2034 315,2034 342,2034 369,2034 397,2034 424,2034 451,2034 479,2034 506,2034 533,2034 561,2034 588,2034 615,2034 642,2034 670,2034 697,2034 724,2034 752,2034 779,2034 806,2034 834,2034 834,2003 806,2003 779,2003 752,2003 724,2003 697,2003 670,2003 642,2003 615,2003 588,2003 561,2003 533,2003 506,2003 479,2003 451,2003 424,2003 397,2003 369,2003 342,2003 315,2003 288,2003"/>
                <Baseline points="288,2024 315,2024 342,2024 369,2024 397,2024 424,2024 451,2024 479,2024 506,2024 533,2024 561,2024 588,2024 615,2024 642,2024 670,2024 697,2024 724,2024 752,2024 779,2024 806,2024 834,2024"/>
                <TextEquiv>
                    <Unicode>Katholiſche Predigten.</Unicode>
                </TextEquiv>
            </TextLine>
            <TextLine id="r1l46" custom="readingOrder {index:14;}">
                <Coords points="60,2094 113,2094 167,2095 220,2095 274,2095 328,2095 381,2095 435,2095 489,2094 542,2094 596,2094 649,2093 703,2092 757,2092 810,2092 864,2091 918,2091 971,2091 1025,2091 1079,2091 1079,2061 1025,2061 971,2061 918,2061 864,2061 810,2062 757,2062 703,2062 649,2063 596,2064 542,2064 489,2064 435,2065 381,2065 328,2065 274,2065 220,2065 167,2065 113,2064 60,2064"/>
                <Baseline points="60,2084 113,2084 167,2085 220,2085 274,2085 328,2085 381,2085 435,2085 489,2084 542,2084 596,2084 649,2083 703,2082 757,2082 810,2082 864,2081 918,2081 971,2081 1025,2081 1079,2081"/>
                <TextEquiv>
                    <Unicode>Von Fr. Lorinſer, fürſtbiſchöflichem Conſiſtorialrath und Pfarrer</Unicode>
                </TextEquiv>
            </TextLine>
            <TextLine id="r1l47" custom="readingOrder {index:15;} textStyle {offset:23; length:17;fontSize:0.0; kerning:0; bold:true;}">
                <Coords points="221,2131 256,2130 291,2130 326,2130 362,2130 397,2130 432,2130 468,2130 503,2130 538,2130 574,2130 609,2130 644,2130 679,2130 715,2130 750,2130 785,2130 821,2130 856,2130 891,2130 927,2130 927,2100 891,2100 856,2100 821,2100 785,2100 750,2100 715,2100 679,2100 644,2100 609,2100 574,2100 538,2100 503,2100 468,2100 432,2100 397,2100 362,2100 326,2100 291,2100 256,2100 221,2101"/>
                <Baseline points="221,2121 256,2120 291,2120 326,2120 362,2120 397,2120 432,2120 468,2120 503,2120 538,2120 574,2120 609,2120 644,2120 679,2120 715,2120 750,2120 785,2120 821,2120 856,2120 891,2120 927,2120"/>
                <TextEquiv>
                    <Unicode>in Breslau Erſter Band (Weihnachtskreis).</Unicode>
                </TextEquiv>
            </TextLine>
            <TextLine id="r1l48" custom="readingOrder {index:16;}">
                <Coords points="371,2166 424,2167 449,2167 474,2167 499,2167 525,2166 550,2166 575,2166 600,2166 625,2166 651,2167 676,2167 701,2167 726,2169 752,2170 752,2140 726,2139 701,2137 676,2137 651,2137 625,2136 600,2136 575,2136 550,2136 525,2136 499,2137 474,2137 449,2137 424,2137 371,2136"/>
                <Baseline points="386,2159 424,2157 449,2157 474,2157 499,2157 525,2156 550,2156 575,2156 600,2156 625,2156 651,2157 676,2157 701,2157 726,2159 752,2160"/>
                <TextEquiv>
                    <Unicode>fl. 3. Thlr. 1. 24 Sgr.</Unicode>
                </TextEquiv>
            </TextLine>
            <TextLine id="r1l49" custom="readingOrder {index:17;}">
                <Coords points="101,2209 149,2209 197,2209 245,2209 293,2209 341,2209 389,2209 437,2209 485,2209 533,2209 581,2209 629,2211 677,2211 725,2211 773,2211 821,2210 869,2209 917,2209 965,2209 1013,2208 1086,2206 1086,2176 1013,2178 965,2179 917,2179 869,2179 821,2180 773,2181 725,2181 677,2181 629,2181 581,2179 533,2179 485,2179 437,2179 389,2179 341,2179 293,2179 245,2179 197,2179 149,2179 101,2179"/>
                <Baseline points="101,2199 149,2199 197,2199 245,2199 293,2199 341,2199 389,2199 437,2199 485,2199 533,2199 581,2199 629,2201 677,2201 725,2201 773,2201 821,2200 869,2199 917,2199 965,2199 1013,2198 1082,2199"/>
                <TextEquiv>
                    <Unicode>Der hauptſächlichſte Zweck, welchen der Verfaſſer bei der Heraus⸗</Unicode>
                </TextEquiv>
            </TextLine>
            <TextLine id="r1l50" custom="readingOrder {index:18;} textStyle {offset:46; length:16;fontSize:0.0; kerning:0; bold:true;}">
                <Coords points="78,2248 127,2247 177,2245 227,2245 277,2245 326,2245 376,2245 426,2245 476,2245 525,2245 575,2247 625,2247 675,2247 724,2247 774,2247 824,2247 874,2247 923,2247 973,2245 1023,2244 1073,2242 1073,2212 1023,2214 973,2215 923,2217 874,2217 824,2217 774,2217 724,2217 675,2217 625,2217 575,2217 525,2215 476,2215 426,2215 376,2215 326,2215 277,2215 227,2215 177,2215 127,2217 78,2218"/>
                <Baseline points="78,2238 127,2237 177,2235 227,2235 277,2235 326,2235 376,2235 426,2235 476,2235 525,2235 575,2237 625,2237 675,2237 724,2237 774,2237 824,2237 874,2237 923,2237 973,2235 1023,2234 1073,2232"/>
                <TextEquiv>
                    <Unicode>zabe dieſer Predigten im Auge hatte, war, ein katholiſches Er⸗</Unicode>
                </TextEquiv>
            </TextLine>
            <TextLine id="r1l51" custom="readingOrder {index:19;} textStyle {offset:0; length:11;fontSize:0.0; kerning:0; bold:true;}">
                <Coords points="63,2284 113,2284 164,2283 214,2283 265,2283 316,2283 366,2281 417,2281 468,2283 518,2283 569,2283 620,2283 670,2283 721,2283 772,2283 822,2283 873,2282 924,2281 974,2281 1025,2280 1076,2280 1076,2250 1025,2250 974,2251 924,2251 873,2252 822,2253 772,2253 721,2253 670,2253 620,2253 569,2253 518,2253 468,2253 417,2251 366,2251 316,2253 265,2253 214,2253 164,2253 113,2254 63,2254"/>
                <Baseline points="63,2274 113,2274 164,2273 214,2273 265,2273 316,2273 366,2271 417,2271 468,2273 518,2273 569,2273 620,2273 670,2273 721,2273 772,2273 822,2273 873,2272 924,2271 974,2271 1025,2270 1076,2270"/>
                <TextEquiv>
                    <Unicode>bauungsbuch zu liefern, welches die Geheimniſſe des Kirchenjahres</Unicode>
                </TextEquiv>
            </TextLine>
            <TextLine id="r1l52" custom="readingOrder {index:20;}">
                <Coords points="69,2320 118,2320 168,2319 218,2319 268,2319 318,2319 368,2319 418,2319 468,2319 518,2319 568,2319 617,2319 667,2319 717,2320 767,2320 817,2319 867,2319 917,2319 967,2319 1017,2317 1067,2316 1067,2286 1017,2287 967,2289 917,2289 867,2289 817,2289 767,2290 717,2290 667,2289 617,2289 568,2289 518,2289 468,2289 418,2289 368,2289 318,2289 268,2289 218,2289 168,2289 118,2290 69,2290"/>
                <Baseline points="69,2310 118,2310 168,2309 218,2309 268,2309 318,2309 368,2309 418,2309 468,2309 518,2309 568,2309 617,2309 667,2309 717,2310 767,2310 817,2309 867,2309 917,2309 967,2309 1017,2307 1067,2306"/>
                <TextEquiv>
                    <Unicode>und die wichtigſten Glaubenswahrheiten in allgemein faßlicher un</Unicode>
                </TextEquiv>
            </TextLine>
            <TextLine id="r1l53" custom="readingOrder {index:21;}">
                <Coords points="65,2358 115,2357 165,2356 215,2356 265,2355 315,2355 365,2355 415,2355 465,2355 515,2356 566,2356 616,2356 666,2356 716,2356 766,2356 816,2356 866,2356 916,2355 966,2355 1016,2353 1086,2351 1086,2321 1016,2323 966,2325 916,2325 866,2326 816,2326 766,2326 716,2326 666,2326 616,2326 566,2326 515,2326 465,2325 415,2325 365,2325 315,2325 265,2325 215,2326 165,2326 115,2327 65,2328"/>
                <Baseline points="65,2348 115,2347 165,2346 215,2346 265,2345 315,2345 365,2345 415,2345 465,2345 515,2346 566,2346 616,2346 666,2346 716,2346 766,2346 816,2346 866,2346 916,2345 966,2345 1016,2343 1086,2342"/>
                <TextEquiv>
                    <Unicode>für das Leben fruchtbarer Weiſe erklärt, und denen, welche verhin⸗</Unicode>
                </TextEquiv>
            </TextLine>
            <TextLine id="r1l54" custom="readingOrder {index:22;}">
                <Coords points="68,2395 118,2394 168,2394 218,2392 268,2392 318,2392 368,2392 418,2392 468,2392 518,2392 568,2392 618,2392 668,2392 718,2392 768,2392 818,2392 868,2392 918,2392 968,2392 1018,2392 1068,2391 1068,2361 1018,2362 968,2362 918,2362 868,2362 818,2362 768,2362 718,2362 668,2362 618,2362 568,2362 518,2362 468,2362 418,2362 368,2362 318,2362 268,2362 218,2362 168,2364 118,2364 68,2365"/>
                <Baseline points="68,2385 118,2384 168,2384 218,2382 268,2382 318,2382 368,2382 418,2382 468,2382 518,2382 568,2382 618,2382 668,2382 718,2382 768,2382 818,2382 868,2382 918,2382 968,2382 1018,2382 1068,2381"/>
                <TextEquiv>
                    <Unicode>dert ſind, das Wort Gottes in der Kirche zu hören, einen Erſatz</Unicode>
                </TextEquiv>
            </TextLine>
            <TextLine id="r1l55" custom="readingOrder {index:23;}">
                <Coords points="65,2433 107,2431 150,2431 193,2430 236,2430 279,2430 321,2430 364,2430 407,2430 450,2430 493,2430 535,2430 578,2430 621,2430 664,2430 707,2430 749,2430 792,2430 835,2430 878,2430 937,2430 937,2400 878,2400 835,2400 792,2400 749,2400 707,2400 664,2400 621,2400 578,2400 535,2400 493,2400 450,2400 407,2400 364,2400 321,2400 279,2400 236,2400 193,2400 150,2401 107,2401 65,2403"/>
                <Baseline points="65,2423 107,2421 150,2421 193,2420 236,2420 279,2420 321,2420 364,2420 407,2420 450,2420 493,2420 535,2420 578,2420 621,2420 664,2420 707,2420 749,2420 792,2420 835,2420 878,2420 941,2420"/>
                <TextEquiv>
                    <Unicode>für die Entbehrung der mündlichen Lehre gewähren kann.</Unicode>
                </TextEquiv>
            </TextLine>
            <TextLine id="r1l57" custom="readingOrder {index:24;} textStyle {offset:0; length:20;fontSize:0.0; kerning:0; bold:true;}">
                <Coords points="296,2553 323,2554 351,2554 378,2554 406,2554 434,2554 461,2554 489,2554 517,2553 544,2553 572,2552 600,2551 627,2551 655,2551 683,2550 710,2550 738,2550 766,2550 793,2550 821,2550 849,2551 849,2520 821,2519 793,2519 766,2519 738,2519 710,2519 683,2519 655,2520 627,2520 600,2520 572,2521 544,2522 517,2522 489,2523 461,2523 434,2523 406,2523 378,2523 351,2523 323,2523 296,2522"/>
                <Baseline points="296,2543 323,2544 351,2544 378,2544 406,2544 434,2544 461,2544 489,2544 517,2543 544,2543 572,2542 600,2541 627,2541 655,2541 683,2540 710,2540 738,2540 766,2540 793,2540 821,2540 849,2541"/>
                <TextEquiv>
                    <Unicode>Der Pfingſtfeſtkreis</Unicode>
                </TextEquiv>
            </TextLine>
            <TextLine id="r1l58" custom="readingOrder {index:25;} textStyle {offset:0; length:49;fontSize:0.0; kerning:0; bold:true;}">
                <Coords points="120,2623 166,2622 212,2622 258,2622 304,2622 350,2622 396,2622 442,2620 488,2620 534,2620 580,2620 626,2619 672,2619 718,2619 764,2619 810,2619 856,2619 902,2619 948,2619 994,2619 1041,2619 1041,2589 994,2589 948,2589 902,2589 856,2589 810,2589 764,2589 718,2589 672,2589 626,2589 580,2590 534,2590 488,2590 442,2590 396,2592 350,2592 304,2592 258,2592 212,2592 166,2592 120,2593"/>
                <Baseline points="120,2613 166,2612 212,2612 258,2612 304,2612 350,2612 396,2612 442,2610 488,2610 534,2610 580,2610 626,2609 672,2609 718,2609 764,2609 810,2609 856,2609 902,2609 948,2609 994,2609 1041,2609"/>
                <TextEquiv>
                    <Unicode>in ſeinen Ceremonien oder der hl. Geiſt und ſeine</Unicode>
                </TextEquiv>
            </TextLine>
            <TextLine id="r1l61" custom="readingOrder {index:26;} textStyle {offset:0; length:33;fontSize:0.0; kerning:0; bold:true;}">
                <Coords points="258,2664 289,2664 320,2665 351,2665 382,2665 414,2665 445,2665 476,2664 507,2664 538,2664 570,2664 601,2662 632,2662 663,2662 694,2662 726,2661 757,2661 788,2661 819,2662 850,2662 882,2662 882,2632 850,2632 819,2632 788,2631 757,2631 726,2631 694,2632 663,2632 632,2632 601,2632 570,2634 538,2634 507,2634 476,2634 445,2635 414,2635 382,2635 351,2635 320,2635 289,2634 258,2634"/>
                <Baseline points="258,2654 289,2654 320,2655 351,2655 382,2655 414,2655 445,2655 476,2654 507,2654 538,2654 570,2654 601,2652 632,2652 663,2652 694,2652 726,2651 757,2651 788,2651 819,2652 850,2652 882,2652"/>
                <TextEquiv>
                    <Unicode>Gnadenwirkungen durch die Kirche,</Unicode>
                </TextEquiv>
            </TextLine>
            <TextLine id="r1l63" custom="readingOrder {index:27;} textStyle {offset:16; length:9;fontSize:0.0; kerning:0; bold:true;} textStyle {offset:39; length:20;fontSize:0.0; kerning:0; bold:true;}">
                <Coords points="62,2712 112,2713 162,2713 213,2713 263,2713 314,2712 364,2712 414,2712 465,2711 515,2710 566,2710 616,2709 666,2709 717,2709 767,2707 818,2707 868,2707 918,2707 969,2707 1019,2708 1070,2709 1070,2679 1019,2678 969,2677 918,2677 868,2677 818,2677 767,2677 717,2679 666,2679 616,2679 566,2680 515,2680 465,2681 414,2682 364,2682 314,2682 263,2683 213,2683 162,2683 112,2683 62,2682"/>
                <Baseline points="62,2702 112,2703 162,2703 213,2703 263,2703 314,2702 364,2702 414,2702 465,2701 515,2700 566,2700 616,2699 666,2699 717,2699 767,2697 818,2697 868,2697 918,2697 969,2697 1019,2698 1070,2699"/>
                <TextEquiv>
                    <Unicode>geſchildert von S. Knoll. A. u. d. T: Das Leben der Kirche,</Unicode>
                </TextEquiv>
            </TextLine>
            <TextLine id="r1l64" custom="readingOrder {index:28;} textStyle {offset:42; length:9;fontSize:0.0; kerning:0; bold:true;}">
                <Coords points="192,2746 231,2748 270,2748 309,2749 349,2749 388,2749 427,2748 467,2748 506,2748 545,2746 585,2746 624,2746 663,2745 702,2745 742,2743 781,2743 820,2743 860,2743 899,2743 938,2745 978,2746 978,2716 938,2715 899,2713 860,2713 820,2713 781,2713 742,2713 702,2715 663,2715 624,2716 585,2716 545,2716 506,2718 467,2718 427,2718 388,2719 349,2719 309,2719 270,2718 231,2718 192,2716"/>
                <Baseline points="192,2736 231,2738 270,2738 309,2739 349,2739 388,2739 427,2738 467,2738 506,2738 545,2736 585,2736 624,2736 663,2735 702,2735 742,2733 781,2733 820,2733 860,2733 899,2733 938,2735 978,2736"/>
                <TextEquiv>
                    <Unicode>dargeſtellt in liturgiſchen Predigten von S. Knoll.</Unicode>
                </TextEquiv>
            </TextLine>
            <TextLine id="r1l65" custom="readingOrder {index:29;}">
                <Coords points="143,2784 185,2784 228,2785 271,2785 314,2785 357,2785 399,2785 442,2785 485,2784 528,2784 571,2783 613,2782 656,2782 699,2782 742,2781 785,2781 827,2782 870,2782 913,2782 956,2784 1023,2785 1023,2755 956,2754 913,2752 870,2752 827,2752 785,2751 742,2751 699,2752 656,2752 613,2752 571,2753 528,2754 485,2754 442,2755 399,2755 357,2755 314,2755 271,2755 228,2755 185,2754 143,2754"/>
                <Baseline points="143,2774 185,2774 228,2775 271,2775 314,2775 357,2775 399,2775 442,2775 485,2774 528,2774 571,2773 613,2772 656,2772 699,2772 742,2771 785,2771 827,2772 870,2772 913,2772 956,2774 1014,2775"/>
                <TextEquiv>
                    <Unicode>Dritter (Schluß⸗) Band. fl. 2. 30 kr. Thlr. 1. 15 Sgr.</Unicode>
                </TextEquiv>
            </TextLine>
            <TextLine id="r1l66" custom="readingOrder {index:30;} textStyle {offset:17; length:31;fontSize:0.0; kerning:0; bold:true;}">
                <Coords points="168,2829 208,2830 248,2830 288,2830 328,2830 368,2830 408,2830 448,2830 488,2829 528,2829 568,2829 608,2828 648,2827 688,2827 728,2827 768,2827 808,2826 848,2826 888,2827 928,2827 969,2827 969,2797 928,2797 888,2797 848,2796 808,2796 768,2797 728,2797 688,2797 648,2797 608,2798 568,2799 528,2799 488,2799 448,2800 408,2800 368,2800 328,2800 288,2800 248,2800 208,2800 168,2799"/>
                <Baseline points="168,2819 208,2820 248,2820 288,2820 328,2820 368,2820 408,2820 448,2820 488,2819 528,2819 568,2819 608,2818 648,2817 688,2817 728,2817 768,2817 808,2816 848,2816 888,2817 928,2817 969,2817"/>
                <TextEquiv>
                    <Unicode>Band I. enthält: Die Ceremonien der heil. Meſſe.</Unicode>
                </TextEquiv>
            </TextLine>
            <TextLine id="r1l67" custom="readingOrder {index:31;}">
                <Coords points="407,2871 432,2869 457,2869 482,2868 507,2868 532,2866 557,2866 582,2865 607,2865 632,2865 657,2865 682,2865 707,2866 732,2866 758,2868 758,2838 732,2836 707,2836 682,2835 657,2835 632,2835 607,2835 582,2835 557,2836 532,2836 507,2838 482,2838 457,2839 432,2839 407,2841"/>
                <Baseline points="407,2861 432,2859 457,2859 482,2858 507,2858 532,2856 557,2856 582,2855 607,2855 632,2855 657,2855 682,2855 707,2856 732,2856 758,2858"/>
                <TextEquiv>
                    <Unicode>fl. 1. 21 tr. 24 Sgr.</Unicode>
                </TextEquiv>
            </TextLine>
            <TextLine id="r1l68" custom="readingOrder {index:32;} textStyle {offset:18; length:36;fontSize:0.0; kerning:0; bold:true;}">
                <Coords points="149,2911 194,2911 239,2912 284,2913 329,2913 375,2913 420,2913 465,2913 510,2913 555,2913 601,2912 646,2911 691,2911 736,2911 781,2910 827,2910 872,2910 917,2910 962,2910 1008,2908 1008,2878 962,2880 917,2880 872,2880 827,2880 781,2880 736,2881 691,2881 646,2881 601,2882 555,2883 510,2883 465,2883 420,2883 375,2883 329,2883 284,2883 239,2882 194,2881 149,2881"/>
                <Baseline points="149,2901 194,2901 239,2902 284,2903 329,2903 375,2903 420,2903 465,2903 510,2903 555,2903 601,2902 646,2901 691,2901 736,2901 781,2900 827,2900 872,2900 917,2900 962,2900 1008,2898"/>
                <TextEquiv>
                    <Unicode>Band II. enthält: Die heil. Weihnachts⸗ und Oſterzeit.</Unicode>
                </TextEquiv>
            </TextLine>
            <TextLine id="r1l69" custom="readingOrder {index:33;}">
                <Coords points="350,2952 376,2952 402,2952 428,2952 455,2952 481,2952 507,2952 534,2952 560,2952 586,2952 612,2952 639,2952 665,2951 691,2950 718,2950 744,2950 770,2950 797,2949 797,2919 770,2920 744,2920 718,2920 691,2920 665,2921 639,2922 612,2922 586,2922 560,2922 534,2922 507,2922 481,2922 455,2922 428,2922 402,2922 376,2922 350,2922"/>
                <Baseline points="350,2942 376,2942 402,2942 428,2942 455,2942 481,2942 507,2942 534,2942 560,2942 586,2942 612,2942 639,2942 665,2941 691,2940 718,2940 744,2940 770,2940 797,2939"/>
                <TextEquiv>
                    <Unicode>fl. 2. 24 tr. Thlr. 1. 12 Sgr.</Unicode>
                </TextEquiv>
            </TextLine>
            <TextEquiv>
                <Unicode>So eben erſchien Nr. 71 Antiquariſches Bücherverzeichniß (Theo⸗
logie), enthält auch werthvolle Patriſtik.
Berlin.
J. A. Stargardt, Jägerſtr. 53.
Verlag der Fr. Hurter’ſchen Buchhandlung in
Schaffhauſen.
Convertitenbilder aus dem neunzehnten Jahrhundert.
Von D. A. Roſenthal. Erſter Band. Deutſchland. I. fl. 3.
36 kr. Thlr. 2. 3 Sgr.
Dieſe vollſtändige Sammlung aller hervorragenden Converſionen
zur katholiſchen Kirche im Laufe dieſes Jahrhunderts, meiſt nach
den eigenhändigen Aufzeichnungen der betreffenden Perſönlichkeiten,
dürfte geeignet ſein, ein allſeitiges Intereſſe zu erwecken.
Katholiſche Predigten.
Von Fr. Lorinſer, fürſtbiſchöflichem Conſiſtorialrath und Pfarrer
in Breslau Erſter Band (Weihnachtskreis).
fl. 3. Thlr. 1. 24 Sgr.
Der hauptſächlichſte Zweck, welchen der Verfaſſer bei der Heraus⸗
zabe dieſer Predigten im Auge hatte, war, ein katholiſches Er⸗
bauungsbuch zu liefern, welches die Geheimniſſe des Kirchenjahres
und die wichtigſten Glaubenswahrheiten in allgemein faßlicher un
für das Leben fruchtbarer Weiſe erklärt, und denen, welche verhin⸗
dert ſind, das Wort Gottes in der Kirche zu hören, einen Erſatz
für die Entbehrung der mündlichen Lehre gewähren kann.
Der Pfingſtfeſtkreis
in ſeinen Ceremonien oder der hl. Geiſt und ſeine
Gnadenwirkungen durch die Kirche,
geſchildert von S. Knoll. A. u. d. T: Das Leben der Kirche,
dargeſtellt in liturgiſchen Predigten von S. Knoll.
Dritter (Schluß⸗) Band. fl. 2. 30 kr. Thlr. 1. 15 Sgr.
Band I. enthält: Die Ceremonien der heil. Meſſe.
fl. 1. 21 tr. 24 Sgr.
Band II. enthält: Die heil. Weihnachts⸗ und Oſterzeit.
fl. 2. 24 tr. Thlr. 1. 12 Sgr.</Unicode>
            </TextEquiv>
        </TextRegion>
        <TextRegion orientation="0.0" id="TextRegion_1618395257203_1150" custom="readingOrder {index:5;}">
            <Coords points="1113,1270 2154,1270 2154,2948 1109,2954"/>
            <TextLine id="r2l41" custom="readingOrder {index:0;} textStyle {offset:0; length:38;fontSize:0.0; kerning:0; bold:true;}">
                <Coords points="1133,1335 1183,1336 1233,1336 1284,1336 1334,1336 1385,1335 1435,1335 1485,1333 1536,1332 1586,1332 1637,1330 1687,1329 1737,1329 1788,1327 1838,1327 1889,1326 1939,1326 1989,1326 2040,1326 2090,1327 2141,1327 2141,1297 2090,1297 2040,1296 1989,1296 1939,1296 1889,1296 1838,1297 1788,1297 1737,1299 1687,1299 1637,1300 1586,1302 1536,1302 1485,1303 1435,1305 1385,1305 1334,1306 1284,1306 1233,1306 1183,1306 1133,1305"/>
                <Baseline points="1133,1325 1183,1326 1233,1326 1284,1326 1334,1326 1385,1325 1435,1325 1485,1323 1536,1322 1586,1322 1637,1320 1687,1319 1737,1319 1788,1317 1838,1317 1889,1316 1939,1316 1989,1316 2040,1316 2090,1317 2141,1317"/>
                <TextEquiv>
                    <Unicode>Das Tridentiniſche Glaubeusbekenntniß,</Unicode>
                </TextEquiv>
            </TextLine>
            <TextLine id="r2l42" custom="readingOrder {index:1;}">
                <Coords points="1170,1378 1218,1378 1266,1378 1314,1378 1362,1378 1410,1378 1458,1378 1506,1377 1554,1377 1602,1375 1650,1375 1698,1374 1746,1374 1794,1372 1842,1372 1890,1372 1938,1371 1986,1371 2034,1371 2082,1371 2150,1371 2150,1341 2082,1341 2034,1341 1986,1341 1938,1341 1890,1342 1842,1342 1794,1342 1746,1344 1698,1344 1650,1345 1602,1345 1554,1347 1506,1347 1458,1348 1410,1348 1362,1348 1314,1348 1266,1348 1218,1348 1170,1348"/>
                <Baseline points="1170,1368 1218,1368 1266,1368 1314,1368 1362,1368 1410,1368 1458,1368 1506,1367 1554,1367 1602,1365 1650,1365 1698,1364 1746,1364 1794,1362 1842,1362 1890,1362 1938,1361 1986,1361 2034,1361 2082,1361 2142,1362"/>
                <TextEquiv>
                    <Unicode>durch die hl. Schrift, die Vernunft und die Geſchichte nachge⸗</Unicode>
                </TextEquiv>
            </TextLine>
            <TextLine id="r2l43" custom="readingOrder {index:2;} textStyle {offset:25; length:14;fontSize:0.0; kerning:0; bold:true;}">
                <Coords points="1170,1420 1218,1420 1267,1420 1315,1420 1364,1420 1413,1419 1461,1419 1510,1419 1558,1419 1607,1419 1656,1419 1704,1419 1753,1419 1801,1419 1850,1417 1899,1417 1947,1417 1996,1417 2044,1416 2093,1416 2142,1414 2142,1384 2093,1386 2044,1386 1996,1387 1947,1387 1899,1387 1850,1387 1801,1389 1753,1389 1704,1389 1656,1389 1607,1389 1558,1389 1510,1389 1461,1389 1413,1389 1364,1390 1315,1390 1267,1390 1218,1390 1170,1390"/>
                <Baseline points="1170,1410 1218,1410 1267,1410 1315,1410 1364,1410 1413,1409 1461,1409 1510,1409 1558,1409 1607,1409 1656,1409 1704,1409 1753,1409 1801,1409 1850,1407 1899,1407 1947,1407 1996,1407 2044,1406 2093,1406 2142,1404"/>
                <TextEquiv>
                    <Unicode>wieſen und erläutert von Ludwig Clarus. Erſter Band.</Unicode>
                </TextEquiv>
            </TextLine>
            <TextLine id="r2l44" custom="readingOrder {index:3;}">
                <Coords points="1170,1465 1195,1465 1221,1464 1247,1464 1272,1464 1298,1462 1324,1462 1350,1462 1375,1462 1401,1461 1427,1461 1452,1461 1478,1461 1504,1461 1530,1462 1530,1432 1504,1431 1478,1431 1452,1431 1427,1431 1401,1431 1375,1432 1350,1432 1324,1432 1298,1432 1272,1434 1247,1434 1221,1434 1195,1435 1170,1435"/>
                <Baseline points="1170,1455 1195,1455 1221,1454 1247,1454 1272,1454 1298,1452 1324,1452 1350,1452 1375,1452 1401,1451 1427,1451 1452,1451 1478,1451 1504,1451 1530,1452"/>
                <TextEquiv>
                    <Unicode>fl. 2. Thlr. 1. 6 Sgr.</Unicode>
                </TextEquiv>
            </TextLine>
            <TextLine id="r2l47" custom="readingOrder {index:4;} textStyle {offset:0; length:25;fontSize:0.0; kerning:0; bold:true;}">
                <Coords points="1298,1545 1331,1545 1365,1545 1398,1545 1432,1545 1466,1543 1499,1543 1533,1543 1566,1543 1600,1542 1634,1542 1667,1542 1701,1541 1734,1540 1768,1540 1802,1540 1835,1540 1869,1539 1902,1539 1936,1539 1970,1539 1970,1509 1936,1509 1902,1509 1869,1509 1835,1510 1802,1510 1768,1510 1734,1510 1701,1511 1667,1512 1634,1512 1600,1512 1566,1513 1533,1513 1499,1513 1466,1513 1432,1515 1398,1515 1365,1515 1331,1515 1298,1515"/>
                <Baseline points="1298,1535 1331,1535 1365,1535 1398,1535 1432,1535 1466,1533 1499,1533 1533,1533 1566,1533 1600,1532 1634,1532 1667,1532 1701,1531 1734,1530 1768,1530 1802,1530 1835,1530 1869,1529 1902,1529 1936,1529 1970,1529"/>
                <TextEquiv>
                    <Unicode>Der römiſche Katechismus,</Unicode>
                </TextEquiv>
            </TextLine>
            <TextLine id="r2l48" custom="readingOrder {index:5;}">
                <Coords points="1128,1591 1178,1590 1229,1590 1279,1588 1330,1588 1380,1587 1431,1587 1481,1587 1532,1586 1582,1585 1633,1585 1683,1585 1734,1585 1784,1585 1835,1584 1885,1584 1936,1584 1986,1584 2037,1582 2087,1582 2138,1581 2138,1551 2087,1552 2037,1552 1986,1554 1936,1554 1885,1554 1835,1554 1784,1555 1734,1555 1683,1555 1633,1555 1582,1555 1532,1556 1481,1557 1431,1557 1380,1557 1330,1558 1279,1558 1229,1560 1178,1560 1128,1561"/>
                <Baseline points="1128,1581 1178,1580 1229,1580 1279,1578 1330,1578 1380,1577 1431,1577 1481,1577 1532,1576 1582,1575 1633,1575 1683,1575 1734,1575 1784,1575 1835,1574 1885,1574 1936,1574 1986,1574 2037,1572 2087,1572 2138,1571"/>
                <TextEquiv>
                    <Unicode>herausgegeben auf Befehl der Kirchenverſammlung zu Trient, in</Unicode>
                </TextEquiv>
            </TextLine>
            <TextLine id="r2l49" custom="readingOrder {index:6;}">
                <Coords points="1137,1627 1187,1627 1238,1626 1288,1626 1339,1625 1389,1624 1440,1624 1490,1623 1541,1623 1591,1621 1642,1621 1693,1621 1743,1620 1794,1620 1844,1620 1895,1619 1945,1618 1996,1618 2046,1618 2097,1617 2148,1617 2148,1587 2097,1587 2046,1588 1996,1588 1945,1588 1895,1589 1844,1590 1794,1590 1743,1590 1693,1591 1642,1591 1591,1591 1541,1593 1490,1593 1440,1594 1389,1594 1339,1595 1288,1596 1238,1596 1187,1597 1137,1597"/>
                <Baseline points="1137,1617 1187,1617 1238,1616 1288,1616 1339,1615 1389,1614 1440,1614 1490,1613 1541,1613 1591,1611 1642,1611 1693,1611 1743,1610 1794,1610 1844,1610 1895,1609 1945,1608 1996,1608 2046,1608 2097,1607 2148,1607"/>
                <TextEquiv>
                    <Unicode>Kanzelvorträgen, vertheilt auf die Sonntage des Kirchenjahres und</Unicode>
                </TextEquiv>
            </TextLine>
            <TextLine id="r2l50" custom="readingOrder {index:7;}">
                <Coords points="1128,1666 1178,1666 1229,1665 1280,1664 1331,1663 1382,1662 1433,1662 1483,1660 1534,1660 1585,1659 1636,1658 1687,1657 1738,1657 1789,1656 1839,1656 1890,1656 1941,1656 1992,1656 2043,1656 2094,1656 2145,1657 2145,1627 2094,1626 2043,1626 1992,1626 1941,1626 1890,1626 1839,1626 1789,1626 1738,1627 1687,1627 1636,1628 1585,1629 1534,1630 1483,1630 1433,1632 1382,1632 1331,1633 1280,1634 1229,1635 1178,1636 1128,1636"/>
                <Baseline points="1128,1656 1178,1656 1229,1655 1280,1654 1331,1653 1382,1652 1433,1652 1483,1650 1534,1650 1585,1649 1636,1648 1687,1647 1738,1647 1789,1646 1839,1646 1890,1646 1941,1646 1992,1646 2043,1646 2094,1646 2145,1647"/>
                <TextEquiv>
                    <Unicode>mit Zugrundelegung der ſonntäglichen Evangelienabſchnitte, gehalten</Unicode>
                </TextEquiv>
            </TextLine>
            <TextLine id="r2l51" custom="readingOrder {index:8;} textStyle {offset:4; length:11;fontSize:0.0; kerning:0; bold:true;}">
                <Coords points="1173,1704 1219,1703 1265,1702 1311,1701 1357,1700 1404,1699 1450,1698 1496,1697 1542,1696 1588,1695 1635,1695 1681,1693 1727,1693 1773,1692 1819,1692 1866,1692 1912,1692 1958,1692 2004,1693 2050,1693 2112,1695 2112,1665 2050,1663 2004,1663 1958,1662 1912,1662 1866,1662 1819,1662 1773,1662 1727,1663 1681,1663 1635,1665 1588,1665 1542,1666 1496,1667 1450,1668 1404,1669 1357,1670 1311,1671 1265,1672 1219,1673 1173,1674"/>
                <Baseline points="1173,1694 1219,1693 1265,1692 1311,1691 1357,1690 1404,1689 1450,1688 1496,1687 1542,1686 1588,1685 1635,1685 1681,1683 1727,1683 1773,1682 1819,1682 1866,1682 1912,1682 1958,1682 2004,1683 2050,1683 2107,1684"/>
                <TextEquiv>
                    <Unicode>von Fr. Künzer, Canonikus an der Kathedrale zu Breslau.</Unicode>
                </TextEquiv>
            </TextLine>
            <TextLine id="line_1618395389445_1221" custom="readingOrder {index:9;}">
                <Coords points="1286,1708 1670,1699 1899,1699 1996,1698 1996,1728 1338,1740 1312,1740 1286,1738"/>
                <Baseline points="1286,1728 1312,1730 1338,1730 1364,1728 1390,1728 1416,1727 1442,1727 1469,1728 1493,1727 1518,1725 1543,1724 1569,1723 1594,1722 1620,1721 1645,1721 1670,1719 1696,1719 1721,1719 1747,1719 1772,1719 1798,1719 1823,1719 1848,1719 1874,1719 1899,1719 1925,1721 1950,1721 1996,1721"/>
                <TextEquiv>
                    <Unicode>1. Jahrgang. fl. 2. 24 kr. Thtr. 1. 12 Sgr.</Unicode>
                </TextEquiv>
            </TextLine>
            <TextLine id="r2l54" custom="readingOrder {index:10;}">
                <Coords points="1164,1774 1212,1774 1261,1774 1309,1774 1358,1773 1407,1773 1455,1771 1504,1770 1552,1770 1601,1768 1650,1768 1698,1767 1747,1767 1795,1765 1844,1765 1893,1765 1941,1765 1990,1767 2038,1767 2087,1768 2136,1770 2136,1740 2087,1738 2038,1737 1990,1737 1941,1735 1893,1735 1844,1735 1795,1735 1747,1737 1698,1737 1650,1738 1601,1738 1552,1740 1504,1740 1455,1741 1407,1743 1358,1743 1309,1744 1261,1744 1212,1744 1164,1744"/>
                <Baseline points="1164,1764 1212,1764 1261,1764 1309,1764 1358,1763 1407,1763 1455,1761 1504,1760 1552,1760 1601,1758 1650,1758 1698,1757 1747,1757 1795,1755 1844,1755 1893,1755 1941,1755 1990,1757 2038,1757 2087,1758 2136,1760"/>
                <TextEquiv>
                    <Unicode>Dieſe neue Arbeit des berühmten Kanzelredners dürfte wohl ihrer</Unicode>
                </TextEquiv>
            </TextLine>
            <TextLine id="r2l55" custom="readingOrder {index:11;}">
                <Coords points="1134,1813 1184,1813 1234,1812 1285,1812 1335,1810 1386,1810 1436,1809 1486,1807 1537,1807 1587,1806 1638,1806 1688,1805 1738,1804 1789,1804 1839,1804 1890,1804 1940,1804 1990,1804 2041,1804 2091,1804 2142,1806 2142,1776 2091,1774 2041,1774 1990,1774 1940,1774 1890,1774 1839,1774 1789,1774 1738,1774 1688,1775 1638,1776 1587,1776 1537,1777 1486,1777 1436,1779 1386,1780 1335,1780 1285,1782 1234,1782 1184,1783 1134,1783"/>
                <Baseline points="1134,1803 1184,1803 1234,1802 1285,1802 1335,1800 1386,1800 1436,1799 1486,1797 1537,1797 1587,1796 1638,1796 1688,1795 1738,1794 1789,1794 1839,1794 1890,1794 1940,1794 1990,1794 2041,1794 2091,1794 2142,1796"/>
                <TextEquiv>
                    <Unicode>ganzen Anordnung nach die erſte und einzige auf dieſem Gebiete</Unicode>
                </TextEquiv>
            </TextLine>
            <TextLine id="r2l56" custom="readingOrder {index:12;}">
                <Coords points="1136,1849 1174,1849 1212,1849 1251,1849 1289,1849 1328,1849 1366,1848 1404,1848 1443,1846 1481,1846 1520,1845 1558,1845 1596,1843 1635,1843 1673,1842 1712,1842 1750,1842 1788,1842 1827,1842 1865,1842 1904,1842 1904,1812 1865,1812 1827,1812 1788,1812 1750,1812 1712,1812 1673,1812 1635,1813 1596,1813 1558,1815 1520,1815 1481,1816 1443,1816 1404,1818 1366,1818 1328,1819 1289,1819 1251,1819 1212,1819 1174,1819 1136,1819"/>
                <Baseline points="1136,1839 1174,1839 1212,1839 1251,1839 1289,1839 1328,1839 1366,1838 1404,1838 1443,1836 1481,1836 1520,1835 1558,1835 1596,1833 1635,1833 1673,1832 1712,1832 1750,1832 1788,1832 1827,1832 1865,1832 1904,1832"/>
                <TextEquiv>
                    <Unicode>ſein und die allgemeinſte Berückſichtigung verdienen.</Unicode>
                </TextEquiv>
            </TextLine>
            <TextLine id="r2l57" custom="readingOrder {index:13;} textStyle {offset:21; length:12;fontSize:0.0; kerning:0; bold:true;}">
                <Coords points="1166,1909 1215,1909 1264,1909 1313,1909 1363,1909 1412,1908 1461,1908 1510,1908 1560,1906 1609,1906 1658,1906 1707,1905 1757,1905 1806,1905 1855,1905 1904,1905 1954,1905 2003,1905 2052,1906 2101,1906 2151,1908 2151,1878 2101,1876 2052,1876 2003,1875 1954,1875 1904,1875 1855,1875 1806,1875 1757,1875 1707,1875 1658,1876 1609,1876 1560,1876 1510,1878 1461,1878 1412,1878 1363,1879 1313,1879 1264,1879 1215,1879 1166,1879"/>
                <Baseline points="1166,1899 1215,1899 1264,1899 1313,1899 1363,1899 1412,1898 1461,1898 1510,1898 1560,1896 1609,1896 1658,1896 1707,1895 1757,1895 1806,1895 1855,1895 1904,1895 1954,1895 2003,1895 2052,1896 2101,1896 2151,1898"/>
                <TextEquiv>
                    <Unicode>Sorti des presses de Ch. Peeters, rue de Namur, 22, à</Unicode>
                </TextEquiv>
            </TextLine>
            <TextLine id="r2l58" custom="readingOrder {index:14;}">
                <Coords points="1131,1948 1158,1947 1185,1947 1212,1947 1239,1945 1266,1945 1266,1915 1239,1915 1212,1917 1185,1917 1158,1917 1131,1918"/>
                <Baseline points="1131,1938 1158,1937 1185,1937 1212,1937 1239,1935 1266,1935"/>
                <TextEquiv>
                    <Unicode>Louvain:</Unicode>
                </TextEquiv>
            </TextLine>
            <TextLine id="r2l59" custom="readingOrder {index:15;} textStyle {offset:0; length:5;fontSize:0.0; kerning:0; bold:true;}">
                <Coords points="1130,1995 1180,1993 1231,1992 1282,1990 1333,1989 1384,1989 1435,1987 1485,1987 1536,1987 1587,1986 1638,1986 1689,1986 1740,1986 1791,1986 1841,1986 1892,1986 1943,1986 1994,1986 2045,1986 2096,1986 2147,1986 2147,1956 2096,1956 2045,1956 1994,1956 1943,1956 1892,1956 1841,1956 1791,1956 1740,1956 1689,1956 1638,1956 1587,1956 1536,1957 1485,1957 1435,1957 1384,1959 1333,1959 1282,1960 1231,1962 1180,1963 1130,1965"/>
                <Baseline points="1130,1985 1180,1983 1231,1982 1282,1980 1333,1979 1384,1979 1435,1977 1485,1977 1536,1977 1587,1976 1638,1976 1689,1976 1740,1976 1791,1976 1841,1976 1892,1976 1943,1976 1994,1976 2045,1976 2096,1976 2147,1976"/>
                <TextEquiv>
                    <Unicode>Faure (J. B.), e Societate Jesu. Dubitationes Theologicae de</Unicode>
                </TextEquiv>
            </TextLine>
            <TextLine id="r2l60" custom="readingOrder {index:16;}">
                <Coords points="1181,2028 1228,2026 1276,2025 1323,2024 1371,2023 1418,2023 1466,2023 1513,2022 1561,2022 1608,2023 1656,2023 1704,2023 1751,2023 1799,2023 1846,2023 1894,2023 1941,2022 1989,2022 2036,2021 2084,2020 2156,2019 2156,1989 2084,1990 2036,1991 1989,1992 1941,1992 1894,1993 1846,1993 1799,1993 1751,1993 1704,1993 1656,1993 1608,1993 1561,1992 1513,1992 1466,1993 1418,1993 1371,1993 1323,1994 1276,1995 1228,1996 1181,1998"/>
                <Baseline points="1181,2018 1228,2016 1276,2015 1323,2014 1371,2013 1418,2013 1466,2013 1513,2012 1561,2012 1608,2013 1656,2013 1704,2013 1751,2013 1799,2013 1846,2013 1894,2013 1941,2012 1989,2012 2036,2011 2084,2010 2156,2012"/>
                <TextEquiv>
                    <Unicode>Judicio Practico, quod super Poenitentis, praecipue consue-</Unicode>
                </TextEquiv>
            </TextLine>
            <TextLine id="r2l61" custom="readingOrder {index:17;}">
                <Coords points="1175,2064 1223,2062 1271,2062 1319,2062 1367,2061 1415,2061 1463,2061 1511,2061 1559,2061 1607,2061 1655,2061 1703,2059 1751,2059 1799,2059 1847,2059 1895,2059 1943,2059 1991,2059 2039,2058 2087,2058 2135,2058 2135,2028 2087,2028 2039,2028 1991,2029 1943,2029 1895,2029 1847,2029 1799,2029 1751,2029 1703,2029 1655,2031 1607,2031 1559,2031 1511,2031 1463,2031 1415,2031 1367,2031 1319,2032 1271,2032 1223,2032 1175,2034"/>
                <Baseline points="1175,2054 1223,2052 1271,2052 1319,2052 1367,2051 1415,2051 1463,2051 1511,2051 1559,2051 1607,2051 1655,2051 1703,2049 1751,2049 1799,2049 1847,2049 1895,2049 1943,2049 1991,2049 2039,2048 2087,2048 2135,2048"/>
                <TextEquiv>
                    <Unicode>tudinarii aut recidivi, dispositione formare sibi potest ac</Unicode>
                </TextEquiv>
            </TextLine>
            <TextLine id="r2l62" custom="readingOrder {index:18;}">
                <Coords points="1175,2098 1223,2098 1271,2098 1319,2098 1367,2098 1415,2098 1463,2098 1512,2098 1560,2097 1608,2097 1656,2097 1704,2097 1752,2097 1800,2097 1849,2095 1897,2095 1945,2095 1993,2095 2041,2094 2089,2094 2138,2094 2138,2064 2089,2064 2041,2064 1993,2065 1945,2065 1897,2065 1849,2065 1800,2067 1752,2067 1704,2067 1656,2067 1608,2067 1560,2067 1512,2068 1463,2068 1415,2068 1367,2068 1319,2068 1271,2068 1223,2068 1175,2068"/>
                <Baseline points="1175,2088 1223,2088 1271,2088 1319,2088 1367,2088 1415,2088 1463,2088 1512,2088 1560,2087 1608,2087 1656,2087 1704,2087 1752,2087 1800,2087 1849,2085 1897,2085 1945,2085 1993,2085 2041,2084 2089,2084 2138,2084"/>
                <TextEquiv>
                    <Unicode>debet confessarius, ut eum rite absolvat. Editio quarta,</Unicode>
                </TextEquiv>
            </TextLine>
            <TextLine id="r2l66" custom="readingOrder {index:19;}">
                <Coords points="1166,2136 1191,2136 1217,2136 1242,2136 1268,2134 1294,2134 1319,2134 1345,2133 1371,2134 1371,2104 1345,2103 1319,2104 1294,2104 1268,2104 1242,2106 1217,2106 1191,2106 1166,2106"/>
                <Baseline points="1166,2126 1191,2126 1217,2126 1242,2126 1268,2124 1294,2124 1319,2124 1345,2123 1371,2124"/>
                <TextEquiv>
                    <Unicode>in-12. 1 frc.</Unicode>
                </TextEquiv>
            </TextLine>
            <TextLine id="r2l67" custom="readingOrder {index:20;} textStyle {offset:0; length:8;fontSize:0.0; kerning:0; bold:true;} textStyle {offset:17; length:44;italic:true; fontSize:0.0; kerning:0;}">
                <Coords points="1133,2178 1183,2176 1233,2175 1284,2173 1334,2173 1385,2172 1435,2171 1485,2170 1536,2170 1586,2169 1637,2169 1687,2169 1737,2169 1788,2168 1838,2167 1889,2167 1939,2167 1989,2167 2040,2167 2090,2167 2141,2167 2141,2137 2090,2137 2040,2137 1989,2137 1939,2137 1889,2137 1838,2137 1788,2138 1737,2139 1687,2139 1637,2139 1586,2139 1536,2140 1485,2140 1435,2141 1385,2142 1334,2143 1284,2143 1233,2145 1183,2146 1133,2148"/>
                <Baseline points="1133,2168 1183,2166 1233,2165 1284,2163 1334,2163 1385,2162 1435,2161 1485,2160 1536,2160 1586,2159 1637,2159 1687,2159 1737,2159 1788,2158 1838,2157 1889,2157 1939,2157 1989,2157 2040,2157 2090,2157 2141,2157"/>
                <TextEquiv>
                    <Unicode>Audisio, (Mgr.), Chan. de St. Pierre au Vatican et Professeur</Unicode>
                </TextEquiv>
            </TextLine>
            <TextLine id="r2l68" custom="readingOrder {index:21;} textStyle {offset:0; length:43;italic:true; fontSize:0.0; kerning:0;}">
                <Coords points="1301,2205 1334,2205 1368,2205 1401,2205 1435,2206 1468,2206 1502,2206 1535,2206 1569,2206 1602,2206 1636,2206 1669,2205 1703,2205 1736,2205 1770,2205 1803,2203 1837,2203 1870,2203 1904,2202 1937,2202 1986,2200 1986,2170 1937,2172 1904,2172 1870,2173 1837,2173 1803,2173 1770,2175 1736,2175 1703,2175 1669,2175 1636,2176 1602,2176 1569,2176 1535,2176 1502,2176 1468,2176 1435,2176 1401,2175 1368,2175 1334,2175 1301,2175"/>
                <Baseline points="1301,2195 1334,2195 1368,2195 1401,2195 1435,2196 1468,2196 1502,2196 1535,2196 1569,2196 1602,2196 1636,2196 1669,2195 1703,2195 1736,2195 1770,2195 1803,2193 1837,2193 1870,2193 1904,2192 1937,2192 1980,2190"/>
                <TextEquiv>
                    <Unicode>du droit public à l’Université de Sapience.</Unicode>
                </TextEquiv>
            </TextLine>
            <TextLine id="r2l69" custom="readingOrder {index:22;}">
                <Coords points="1133,2245 1183,2244 1234,2244 1285,2242 1335,2242 1386,2242 1437,2241 1487,2241 1538,2241 1589,2241 1640,2239 1690,2239 1741,2239 1792,2239 1842,2239 1893,2238 1944,2238 1994,2238 2045,2238 2096,2237 2147,2236 2147,2206 2096,2207 2045,2208 1994,2208 1944,2208 1893,2208 1842,2209 1792,2209 1741,2209 1690,2209 1640,2209 1589,2211 1538,2211 1487,2211 1437,2211 1386,2212 1335,2212 1285,2212 1234,2214 1183,2214 1133,2215"/>
                <Baseline points="1133,2235 1183,2234 1234,2234 1285,2232 1335,2232 1386,2232 1437,2231 1487,2231 1538,2231 1589,2231 1640,2229 1690,2229 1741,2229 1792,2229 1842,2229 1893,2228 1944,2228 1994,2228 2045,2228 2096,2227 2147,2226"/>
                <TextEquiv>
                    <Unicode>Droit public de l’Eglise et des nations chrétiennes, traduit</Unicode>
                </TextEquiv>
            </TextLine>
            <TextLine id="r2l70" custom="readingOrder {index:23;}">
                <Coords points="1175,2281 1222,2281 1270,2280 1318,2278 1366,2277 1414,2277 1462,2277 1509,2276 1557,2275 1605,2275 1653,2275 1701,2275 1749,2275 1797,2275 1844,2275 1892,2275 1940,2275 1988,2275 2036,2274 2084,2274 2159,2273 2159,2243 2084,2244 2036,2244 1988,2245 1940,2245 1892,2245 1844,2245 1797,2245 1749,2245 1701,2245 1653,2245 1605,2245 1557,2245 1509,2246 1462,2247 1414,2247 1366,2247 1318,2248 1270,2250 1222,2251 1175,2251"/>
                <Baseline points="1175,2271 1222,2271 1270,2270 1318,2268 1366,2267 1414,2267 1462,2267 1509,2266 1557,2265 1605,2265 1653,2265 1701,2265 1749,2265 1797,2265 1844,2265 1892,2265 1940,2265 1988,2265 2036,2264 2084,2264 2151,2267"/>
                <TextEquiv>
                    <Unicode>de l’italien, avec approbation de l’auteur, par M. le Cha-</Unicode>
                </TextEquiv>
            </TextLine>
            <TextLine id="r2l71" custom="readingOrder {index:24;}">
                <Coords points="1173,2317 1213,2317 1254,2316 1294,2316 1335,2314 1375,2314 1416,2313 1456,2313 1497,2313 1537,2311 1578,2311 1618,2311 1659,2311 1699,2311 1740,2310 1780,2310 1821,2310 1861,2310 1902,2310 1942,2311 1983,2311 1983,2281 1942,2281 1902,2280 1861,2280 1821,2280 1780,2280 1740,2280 1699,2281 1659,2281 1618,2281 1578,2281 1537,2281 1497,2283 1456,2283 1416,2283 1375,2284 1335,2284 1294,2286 1254,2286 1213,2287 1173,2287"/>
                <Baseline points="1173,2307 1213,2307 1254,2306 1294,2306 1335,2304 1375,2304 1416,2303 1456,2303 1497,2303 1537,2301 1578,2301 1618,2301 1659,2301 1699,2301 1740,2300 1780,2300 1821,2300 1861,2300 1902,2300 1942,2301 1983,2301"/>
                <TextEquiv>
                    <Unicode>noine Labis, Professeur au séminaire de Tournai.</Unicode>
                </TextEquiv>
            </TextLine>
            <TextLine id="r2l72" custom="readingOrder {index:25;}">
                <Coords points="1173,2353 1221,2353 1270,2352 1319,2350 1368,2350 1417,2350 1466,2350 1514,2349 1563,2349 1612,2349 1661,2349 1710,2350 1759,2350 1808,2350 1856,2350 1905,2350 1954,2350 2003,2350 2052,2350 2101,2350 2150,2349 2150,2319 2101,2320 2052,2320 2003,2320 1954,2320 1905,2320 1856,2320 1808,2320 1759,2320 1710,2320 1661,2319 1612,2319 1563,2319 1514,2319 1466,2320 1417,2320 1368,2320 1319,2320 1270,2322 1221,2323 1173,2323"/>
                <Baseline points="1173,2343 1221,2343 1270,2342 1319,2340 1368,2340 1417,2340 1466,2340 1514,2339 1563,2339 1612,2339 1661,2339 1710,2340 1759,2340 1808,2340 1856,2340 1905,2340 1954,2340 2003,2340 2052,2340 2101,2340 2150,2339"/>
                <TextEquiv>
                    <Unicode>L’ouvrage forme 3 vol. in-8. d’environ 400 pag. Prix par</Unicode>
                </TextEquiv>
            </TextLine>
            <TextLine id="r2l73" custom="readingOrder {index:26;}">
                <Coords points="1146,2392 1171,2391 1196,2391 1221,2389 1246,2389 1272,2389 1297,2388 1322,2388 1347,2386 1372,2386 1398,2386 1423,2386 1448,2385 1473,2385 1517,2383 1517,2359 1473,2355 1448,2355 1423,2356 1398,2356 1372,2356 1347,2356 1322,2358 1297,2358 1272,2359 1246,2359 1221,2359 1196,2361 1171,2361 1146,2362"/>
                <Baseline points="1146,2382 1171,2381 1196,2381 1221,2379 1246,2379 1272,2379 1297,2378 1322,2378 1347,2376 1372,2376 1398,2376 1423,2376 1448,2375 1473,2375 1515,2373"/>
                <TextEquiv>
                    <Unicode>volume 3 frcs. 50 cent.</Unicode>
                </TextEquiv>
            </TextLine>
            <TextLine id="r2l74" custom="readingOrder {index:27;}">
                <Coords points="1182,2427 1232,2425 1282,2424 1333,2422 1383,2422 1434,2422 1484,2422 1535,2422 1585,2422 1636,2422 1686,2424 1737,2424 1787,2424 1838,2424 1888,2424 1939,2424 1989,2423 2040,2422 2090,2421 2154,2418 2154,2388 2090,2391 2040,2392 1989,2393 1939,2394 1888,2394 1838,2394 1787,2394 1737,2394 1686,2394 1636,2392 1585,2392 1535,2392 1484,2392 1434,2392 1383,2392 1333,2392 1282,2394 1232,2395 1182,2397"/>
                <Baseline points="1182,2417 1232,2415 1282,2414 1333,2412 1383,2412 1434,2412 1484,2412 1535,2412 1585,2412 1636,2412 1686,2414 1737,2414 1787,2414 1838,2414 1888,2414 1939,2414 1989,2413 2040,2412 2090,2411 2152,2412"/>
                <TextEquiv>
                    <Unicode>Les deux premiers volumes traitent de la constitution véri-</Unicode>
                </TextEquiv>
            </TextLine>
            <TextLine id="r2l75" custom="readingOrder {index:28;}">
                <Coords points="1143,2464 1192,2463 1242,2461 1292,2460 1342,2460 1391,2460 1441,2460 1491,2460 1541,2460 1590,2461 1640,2461 1690,2461 1740,2461 1789,2463 1839,2461 1889,2461 1939,2461 1988,2460 2038,2458 2088,2455 2160,2454 2160,2424 2088,2425 2038,2428 1988,2430 1939,2431 1889,2431 1839,2431 1789,2433 1740,2431 1690,2431 1640,2431 1590,2431 1541,2430 1491,2430 1441,2430 1391,2430 1342,2430 1292,2430 1242,2431 1192,2433 1143,2434"/>
                <Baseline points="1143,2454 1192,2453 1242,2451 1292,2450 1342,2450 1391,2450 1441,2450 1491,2450 1541,2450 1590,2451 1640,2451 1690,2451 1740,2451 1789,2453 1839,2451 1889,2451 1939,2451 1988,2450 2038,2448 2088,2445 2156,2447"/>
                <TextEquiv>
                    <Unicode>table de l’Eglise et des faux systèmes qui tendent à la défi-</Unicode>
                </TextEquiv>
            </TextLine>
            <TextLine id="r2l76" custom="readingOrder {index:29;}">
                <Coords points="1136,2500 1186,2499 1237,2497 1288,2497 1338,2497 1389,2497 1440,2497 1490,2497 1541,2497 1592,2497 1643,2497 1693,2497 1744,2497 1795,2497 1845,2497 1896,2497 1947,2496 1997,2494 2048,2494 2099,2491 2150,2490 2150,2460 2099,2461 2048,2464 1997,2464 1947,2466 1896,2467 1845,2467 1795,2467 1744,2467 1693,2467 1643,2467 1592,2467 1541,2467 1490,2467 1440,2467 1389,2467 1338,2467 1288,2467 1237,2467 1186,2469 1136,2470"/>
                <Baseline points="1136,2490 1186,2489 1237,2487 1288,2487 1338,2487 1389,2487 1440,2487 1490,2487 1541,2487 1592,2487 1643,2487 1693,2487 1744,2487 1795,2487 1845,2487 1896,2487 1947,2486 1997,2484 2048,2484 2099,2481 2150,2480"/>
                <TextEquiv>
                    <Unicode>gurer ou à l’obscurcir, le 3e de l’origine du pouvoir civil</Unicode>
                </TextEquiv>
            </TextLine>
            <TextLine id="r2l77" custom="readingOrder {index:30;}">
                <Coords points="1139,2535 1183,2535 1227,2533 1271,2533 1316,2533 1360,2533 1404,2533 1448,2533 1493,2533 1537,2533 1581,2535 1625,2535 1670,2535 1714,2535 1758,2533 1802,2533 1847,2532 1891,2531 1935,2530 1979,2527 2024,2526 2024,2496 1979,2497 1935,2500 1891,2501 1847,2502 1802,2503 1758,2503 1714,2505 1670,2505 1625,2505 1581,2505 1537,2503 1493,2503 1448,2503 1404,2503 1360,2503 1316,2503 1271,2503 1227,2503 1183,2505 1139,2505"/>
                <Baseline points="1139,2525 1183,2525 1227,2523 1271,2523 1316,2523 1360,2523 1404,2523 1448,2523 1493,2523 1537,2523 1581,2525 1625,2525 1670,2525 1714,2525 1758,2523 1802,2523 1847,2522 1891,2521 1935,2520 1979,2517 2024,2516"/>
                <TextEquiv>
                    <Unicode>et de la coexistence juridique de l’Eglise et de l’Etat.</Unicode>
                </TextEquiv>
            </TextLine>
            <TextLine id="r2l78" custom="readingOrder {index:31;}">
                <Coords points="1142,2569 1191,2571 1241,2571 1291,2572 1341,2572 1391,2572 1440,2572 1490,2572 1540,2572 1590,2572 1640,2571 1689,2571 1739,2570 1789,2569 1839,2569 1889,2568 1938,2568 1988,2566 2038,2566 2088,2565 2138,2565 2138,2535 2088,2535 2038,2536 1988,2536 1938,2538 1889,2538 1839,2539 1789,2539 1739,2540 1689,2541 1640,2541 1590,2542 1540,2542 1490,2542 1440,2542 1391,2542 1341,2542 1291,2542 1241,2541 1191,2541 1142,2539"/>
                <Baseline points="1142,2559 1191,2561 1241,2561 1291,2562 1341,2562 1391,2562 1440,2562 1490,2562 1540,2562 1590,2562 1640,2561 1689,2561 1739,2560 1789,2559 1839,2559 1889,2558 1938,2558 1988,2556 2038,2556 2088,2555 2138,2555"/>
                <TextEquiv>
                    <Unicode>Il y aura une de partie qui traite de la diplomatie écclé-</Unicode>
                </TextEquiv>
            </TextLine>
            <TextLine id="r2l79" custom="readingOrder {index:32;}">
                <Coords points="1136,2608 1163,2608 1190,2608 1217,2607 1244,2607 1289,2606 1289,2576 1244,2577 1217,2577 1190,2578 1163,2578 1136,2578"/>
                <Baseline points="1136,2598 1163,2598 1190,2598 1217,2597 1244,2597 1291,2598"/>
                <TextEquiv>
                    <Unicode>siastique.</Unicode>
                </TextEquiv>
            </TextLine>
            <TextLine id="r2l80" custom="readingOrder {index:33;}">
                <Coords points="1172,2641 1216,2644 1260,2645 1304,2646 1348,2646 1392,2647 1436,2646 1480,2646 1524,2646 1568,2644 1613,2643 1657,2643 1701,2641 1745,2640 1789,2640 1833,2638 1877,2638 1921,2638 1965,2638 2009,2638 2054,2640 2054,2610 2009,2608 1965,2608 1921,2608 1877,2608 1833,2608 1789,2610 1745,2610 1701,2611 1657,2613 1613,2613 1568,2614 1524,2616 1480,2616 1436,2616 1392,2617 1348,2616 1304,2616 1260,2615 1216,2614 1172,2611"/>
                <Baseline points="1172,2631 1216,2634 1260,2635 1304,2636 1348,2636 1392,2637 1436,2636 1480,2636 1524,2636 1568,2634 1613,2633 1657,2633 1701,2631 1745,2630 1789,2630 1833,2628 1877,2628 1921,2628 1965,2628 2009,2628 2054,2630"/>
                <TextEquiv>
                    <Unicode>Ce 4e volume se vend à part et paraîtra incessament.</Unicode>
                </TextEquiv>
            </TextLine>
            <TextLine id="r2l81" custom="readingOrder {index:34;} textStyle {offset:0; length:3;fontSize:0.0; kerning:0; bold:true;}">
                <Coords points="1139,2682 1189,2683 1239,2683 1289,2683 1339,2683 1389,2683 1439,2682 1489,2680 1539,2680 1589,2679 1639,2679 1689,2677 1739,2676 1789,2676 1839,2674 1889,2674 1939,2674 1989,2674 2039,2676 2089,2676 2139,2677 2139,2647 2089,2646 2039,2646 1989,2644 1939,2644 1889,2644 1839,2644 1789,2646 1739,2646 1689,2647 1639,2649 1589,2649 1539,2650 1489,2650 1439,2652 1389,2653 1339,2653 1289,2653 1239,2653 1189,2653 1139,2652"/>
                <Baseline points="1139,2672 1189,2673 1239,2673 1289,2673 1339,2673 1389,2673 1439,2672 1489,2670 1539,2670 1589,2669 1639,2669 1689,2667 1739,2666 1789,2666 1839,2664 1889,2664 1939,2664 1989,2664 2039,2666 2089,2666 2139,2667"/>
                <TextEquiv>
                    <Unicode>Vos (L’abbé J.), vicaire à Lobbes. Lobbes, son Abbaye et</Unicode>
                </TextEquiv>
            </TextLine>
            <TextLine id="r2l82" custom="readingOrder {index:35;}">
                <Coords points="1176,2719 1224,2719 1272,2719 1320,2719 1368,2719 1416,2718 1464,2718 1513,2716 1561,2715 1609,2715 1657,2713 1705,2712 1753,2712 1801,2710 1850,2710 1898,2710 1946,2710 1994,2710 2042,2712 2090,2713 2139,2715 2139,2685 2090,2683 2042,2682 1994,2680 1946,2680 1898,2680 1850,2680 1801,2680 1753,2682 1705,2682 1657,2683 1609,2685 1561,2685 1513,2686 1464,2688 1416,2688 1368,2689 1320,2689 1272,2689 1224,2689 1176,2689"/>
                <Baseline points="1176,2709 1224,2709 1272,2709 1320,2709 1368,2709 1416,2708 1464,2708 1513,2706 1561,2705 1609,2705 1657,2703 1705,2702 1753,2702 1801,2700 1850,2700 1898,2700 1946,2700 1994,2700 2042,2702 2090,2703 2139,2705"/>
                <TextEquiv>
                    <Unicode>Chapitre, ou Histoire complète du monastère de Saint-Pierre</Unicode>
                </TextEquiv>
            </TextLine>
            <TextLine id="r2l83" custom="readingOrder {index:36;}">
                <Coords points="1170,2755 1219,2755 1268,2755 1317,2755 1366,2754 1415,2754 1464,2753 1513,2752 1562,2751 1611,2751 1660,2749 1709,2749 1758,2748 1807,2748 1856,2748 1905,2747 1954,2748 2003,2748 2052,2748 2101,2749 2151,2751 2151,2721 2101,2719 2052,2718 2003,2718 1954,2718 1905,2717 1856,2718 1807,2718 1758,2718 1709,2719 1660,2719 1611,2721 1562,2721 1513,2722 1464,2723 1415,2724 1366,2724 1317,2725 1268,2725 1219,2725 1170,2725"/>
                <Baseline points="1170,2745 1219,2745 1268,2745 1317,2745 1366,2744 1415,2744 1464,2743 1513,2742 1562,2741 1611,2741 1660,2739 1709,2739 1758,2738 1807,2738 1856,2738 1905,2737 1954,2738 2003,2738 2052,2738 2101,2739 2151,2741"/>
                <TextEquiv>
                    <Unicode>à Lobbes et du chapitre de Saint-Ursmer à Lobbes, puis à</Unicode>
                </TextEquiv>
            </TextLine>
            <TextLine id="r2l84" custom="readingOrder {index:37;}">
                <Coords points="1182,2791 1229,2793 1277,2791 1325,2791 1373,2791 1421,2790 1469,2790 1516,2788 1564,2787 1612,2787 1660,2785 1708,2785 1756,2784 1804,2784 1851,2782 1899,2782 1947,2782 1995,2782 2043,2784 2091,2784 2159,2786 2159,2756 2091,2754 2043,2754 1995,2752 1947,2752 1899,2752 1851,2752 1804,2754 1756,2754 1708,2755 1660,2755 1612,2757 1564,2757 1516,2758 1469,2760 1421,2760 1373,2761 1325,2761 1277,2761 1229,2763 1182,2761"/>
                <Baseline points="1182,2781 1229,2783 1277,2781 1325,2781 1373,2781 1421,2780 1469,2780 1516,2778 1564,2777 1612,2777 1660,2775 1708,2775 1756,2774 1804,2774 1851,2772 1899,2772 1947,2772 1995,2772 2043,2774 2091,2774 2157,2779"/>
                <TextEquiv>
                    <Unicode>Binche, avec cartes, vues et portraits. — 2 vol. in-8. 8 frc.</Unicode>
                </TextEquiv>
            </TextLine>
            <TextLine id="r2l85" custom="readingOrder {index:38;} textStyle {offset:41; length:14;fontSize:0.0; kerning:0; bold:true;}">
                <Coords points="1137,2829 1187,2829 1238,2829 1289,2829 1340,2829 1391,2827 1442,2827 1492,2826 1543,2825 1594,2824 1645,2823 1696,2823 1747,2821 1798,2821 1848,2821 1899,2820 1950,2820 2001,2820 2052,2821 2103,2821 2154,2821 2154,2791 2103,2791 2052,2791 2001,2790 1950,2790 1899,2790 1848,2791 1798,2791 1747,2791 1696,2793 1645,2793 1594,2794 1543,2795 1492,2796 1442,2797 1391,2797 1340,2799 1289,2799 1238,2799 1187,2799 1137,2799"/>
                <Baseline points="1137,2819 1187,2819 1238,2819 1289,2819 1340,2819 1391,2817 1442,2817 1492,2816 1543,2815 1594,2814 1645,2813 1696,2813 1747,2811 1798,2811 1848,2811 1899,2810 1950,2810 2001,2810 2052,2811 2103,2811 2154,2811"/>
                <TextEquiv>
                    <Unicode>Manuel du Rosaire perpétuel, par le Père Pie Vermeersch, de</Unicode>
                </TextEquiv>
            </TextLine>
            <TextLine id="r2l86" custom="readingOrder {index:39;}">
                <Coords points="1167,2868 1216,2868 1265,2868 1314,2867 1363,2866 1412,2865 1461,2865 1510,2863 1559,2862 1608,2862 1657,2860 1706,2860 1755,2859 1804,2858 1853,2857 1902,2857 1951,2857 2000,2857 2049,2858 2098,2859 2148,2860 2148,2830 2098,2829 2049,2828 2000,2827 1951,2827 1902,2827 1853,2827 1804,2828 1755,2829 1706,2830 1657,2830 1608,2832 1559,2832 1510,2833 1461,2835 1412,2835 1363,2836 1314,2837 1265,2838 1216,2838 1167,2838"/>
                <Baseline points="1167,2858 1216,2858 1265,2858 1314,2857 1363,2856 1412,2855 1461,2855 1510,2853 1559,2852 1608,2852 1657,2850 1706,2850 1755,2849 1804,2848 1853,2847 1902,2847 1951,2847 2000,2847 2049,2848 2098,2849 2148,2850"/>
                <TextEquiv>
                    <Unicode>l’ordre des Frères Prêcheurs, directeur du Rosaire perpé-</Unicode>
                </TextEquiv>
            </TextLine>
            <TextLine id="r2l87" custom="readingOrder {index:40;}">
                <Coords points="1172,2904 1217,2905 1263,2905 1308,2905 1354,2905 1399,2904 1445,2904 1490,2902 1536,2901 1581,2901 1627,2899 1672,2898 1718,2898 1763,2896 1809,2896 1854,2895 1900,2895 1945,2895 1991,2895 2036,2895 2082,2896 2082,2866 2036,2865 1991,2865 1945,2865 1900,2865 1854,2865 1809,2866 1763,2866 1718,2868 1672,2868 1627,2869 1581,2871 1536,2871 1490,2872 1445,2874 1399,2874 1354,2875 1308,2875 1263,2875 1217,2875 1172,2874"/>
                <Baseline points="1172,2894 1217,2895 1263,2895 1308,2895 1354,2895 1399,2894 1445,2894 1490,2892 1536,2891 1581,2891 1627,2889 1672,2888 1718,2888 1763,2886 1809,2886 1854,2885 1900,2885 1945,2885 1991,2885 2036,2885 2082,2886"/>
                <TextEquiv>
                    <Unicode>tuel. — 2me Edition. Revue et augmentée. 30 cent.</Unicode>
                </TextEquiv>
            </TextLine>
            <TextLine id="r2l88" custom="readingOrder {index:41;}">
                <Coords points="1136,2941 1168,2943 1201,2943 1233,2943 1266,2943 1298,2943 1331,2943 1363,2943 1396,2941 1428,2941 1461,2941 1494,2941 1526,2940 1559,2940 1591,2938 1624,2938 1656,2937 1689,2937 1721,2935 1754,2935 1800,2934 1800,2904 1754,2905 1721,2905 1689,2907 1656,2907 1624,2908 1591,2908 1559,2910 1526,2910 1494,2911 1461,2911 1428,2911 1396,2911 1363,2913 1331,2913 1298,2913 1266,2913 1233,2913 1201,2913 1168,2913 1136,2911"/>
                <Baseline points="1136,2931 1168,2933 1201,2933 1233,2933 1266,2933 1298,2933 1331,2933 1363,2933 1396,2931 1428,2931 1461,2931 1494,2931 1526,2930 1559,2930 1591,2928 1624,2928 1656,2927 1689,2927 1721,2925 1754,2925 1800,2924"/>
                <TextEquiv>
                    <Unicode>Le même ouvrage en flamand. 35 cent.</Unicode>
                </TextEquiv>
            </TextLine>
            <TextEquiv>
                <Unicode>Das Tridentiniſche Glaubeusbekenntniß,
durch die hl. Schrift, die Vernunft und die Geſchichte nachge⸗
wieſen und erläutert von Ludwig Clarus. Erſter Band.
fl. 2. Thlr. 1. 6 Sgr.
Der römiſche Katechismus,
herausgegeben auf Befehl der Kirchenverſammlung zu Trient, in
Kanzelvorträgen, vertheilt auf die Sonntage des Kirchenjahres und
mit Zugrundelegung der ſonntäglichen Evangelienabſchnitte, gehalten
von Fr. Künzer, Canonikus an der Kathedrale zu Breslau.
1. Jahrgang. fl. 2. 24 kr. Thtr. 1. 12 Sgr.
Dieſe neue Arbeit des berühmten Kanzelredners dürfte wohl ihrer
ganzen Anordnung nach die erſte und einzige auf dieſem Gebiete
ſein und die allgemeinſte Berückſichtigung verdienen.
Sorti des presses de Ch. Peeters, rue de Namur, 22, à
Louvain:
Faure (J. B.), e Societate Jesu. Dubitationes Theologicae de
Judicio Practico, quod super Poenitentis, praecipue consue-
tudinarii aut recidivi, dispositione formare sibi potest ac
debet confessarius, ut eum rite absolvat. Editio quarta,
in-12. 1 frc.
Audisio, (Mgr.), Chan. de St. Pierre au Vatican et Professeur
du droit public à l’Université de Sapience.
Droit public de l’Eglise et des nations chrétiennes, traduit
de l’italien, avec approbation de l’auteur, par M. le Cha-
noine Labis, Professeur au séminaire de Tournai.
L’ouvrage forme 3 vol. in-8. d’environ 400 pag. Prix par
volume 3 frcs. 50 cent.
Les deux premiers volumes traitent de la constitution véri-
table de l’Eglise et des faux systèmes qui tendent à la défi-
gurer ou à l’obscurcir, le 3e de l’origine du pouvoir civil
et de la coexistence juridique de l’Eglise et de l’Etat.
Il y aura une de partie qui traite de la diplomatie écclé-
siastique.
Ce 4e volume se vend à part et paraîtra incessament.
Vos (L’abbé J.), vicaire à Lobbes. Lobbes, son Abbaye et
Chapitre, ou Histoire complète du monastère de Saint-Pierre
à Lobbes et du chapitre de Saint-Ursmer à Lobbes, puis à
Binche, avec cartes, vues et portraits. — 2 vol. in-8. 8 frc.
Manuel du Rosaire perpétuel, par le Père Pie Vermeersch, de
l’ordre des Frères Prêcheurs, directeur du Rosaire perpé-
tuel. — 2me Edition. Revue et augmentée. 30 cent.
Le même ouvrage en flamand. 35 cent.</Unicode>
            </TextEquiv>
        </TextRegion>
        <TextRegion orientation="0.0" id="TextRegion_1618395277908_1159" custom="readingOrder {index:6;}">
            <Coords points="50,2965 1112,2965 2154,2965 2154,3010 1091,3013 50,3013"/>
            <TextLine id="line_1618395282220_1165" custom="readingOrder {index:0;}">
                <Coords points="212,2981 1997,2967 1997,2997 1856,3000 1668,3003 1434,3006 1199,3009 954,3012 830,3013 335,3013 212,3012"/>
                <Baseline points="212,3002 253,3002 294,3002 335,3003 377,3003 418,3003 459,3003 500,3003 542,3003 583,3003 624,3003 665,3003 707,3003 748,3003 789,3003 830,3003 872,3002 913,3002 954,3002 995,3000 1037,2999 1059,3000 1105,2999 1152,2999 1199,2999 1246,2997 1293,2997 1340,2997 1387,2996 1434,2996 1481,2994 1528,2994 1574,2993 1621,2993 1668,2993 1715,2991 1762,2991 1809,2990 1856,2990 1903,2988 1950,2988 1997,2987"/>
                <TextEquiv>
                    <Unicode>Verantw. Redacteur Prof. Reuſch. — Verlag von A. Henry in Bonn. — Druck von Carl Georgi in Bonn.</Unicode>
                </TextEquiv>
            </TextLine>
            <TextEquiv>
                <Unicode>Verantw. Redacteur Prof. Reuſch. — Verlag von A. Henry in Bonn. — Druck von Carl Georgi in Bonn.</Unicode>
            </TextEquiv>
        </TextRegion>
    </Page>
</PcGts>
