2215 3053
53 76 149 112 223
623 67 1598 109 Nr. 7 — Theologiſches Literaturblatt — 1866.
2069 64 2147 101 224
323 193 803 230 Literariſche Notizen.
96 261 1073 298 — Der kürzlich erſchienene fünfte Band von Tiſchendorfs
65 306 1073 343 Monumenta sacra inedita enthält die neuteſtamentlichen Briefe
66 349 1077 385 aus einem Palimpſeſte im Beſitze des ruſſiſchen Biſchofs Porphy⸗
68 391 1071 429 rius Upenski, den Tiſchendorf dem 8. und 9. Jahrhundert zu⸗
63 435 1068 471 weist, aber als rara textus antiquitate insignis bezeichnet.
71 477 1074 513 Die Apoſtelgeſch. und die Apokalypſe aus derſelben Handſchrift
66 519 828 556 ſoll ein ſpäterer Band der Monumenta bringen.
111 561 1083 600 — Das große chaldäiſch⸗talmudiſch⸗rabbiniſche Lexikon von
69 603 1074 642 Buxtorf (herausg. 1639) erſcheint jetzt bei M. Schäfer in
72 648 1071 687 Leipzig in einer neuen Ausgabe mit vielen Ergänzungen und
75 688 1083 727 Verbeſſerungen; die Herausgeber ſind: B. Fischer, theologus
66 729 1073 771 Hebraeus, et H. Gelbe, theologus Christianus. Das Buch
66 771 1073 813 erſcheint in Quartformat in 25 Lieferungen à 15 Sgr. — Gleich⸗
62 814 1077 856 zeitig erſcheint ein „Chaldäiſches Wörterbuch über die Targumim
59 853 1085 897 und einen großen Theil des rabbiniſchen Schriftthums” von
72 896 1080 940 Rabb. Dr. J. Levy (Leipzig, Baumgärtner, 8—9 Lieferungen
68 949 501 981 von 96 S. 4., à 1 Thlr.).
78 985 1080 1023 — Da in dieſen Blättern ſchon mehrere bittere Aeußerungen
72 1029 1070 1066 proteſtantiſcher Schriftſteller gegen die Marienverehrung erwähnt
72 1071 1064 1108 worden ſind, ſo mag auch an ein ſchon 1863 erſchienenes Schrift⸗
66 1113 1064 1153 chen anderer Richtung erinnert werden: „Evangeliſches Ave Ma-
60 1156 1067 1195 ria. Ein Beitrag zur Lehre von der ſelig zu preiſenden Jungfrau.
72 1200 1070 1237 Von W. O. Dietlein, l. th. V. D. m.” (Halle, Fricke, 180 S.
69 1243 1077 1281 18 Sgr.) Das Schriftchen enthält Manches, was vom wiſſen⸗
66 1287 1070 1324 ſchaftlichen Standpunkte als unhaltbar oder ungenügend, Man⸗
60 1329 1071 1366 ches, was vom katholiſch⸗kirchlichen Standpunkte als irrig be⸗
62 1371 1070 1410 zeichnet werden muß; aber es enthält auch viel Beachtenswerthes
66 1413 1076 1450 und iſt als „ein aus gutem evangeliſchen Gewiſſen kommender
62 1458 1073 1494 Verſuch, zu ſagen, was Maria iſt und was ſie uns ſein muß”,
59 1495 1080 1539 eine ebenſo intereſſante als ſeltene Erſcheinung; denn von der pro⸗
63 1539 1085 1582 teſtantiſchen Theologie im Allgemeinen darf der Verf. mit Recht
81 1581 1085 1624 ſagen: „Ein ſelbſtändiges Verlangen, auf dieſe Fragen einzu⸗
78 1624 1080 1666 gehen, iſt in unſerer Wiſſenſchaft ſo wenig vorhanden, daß kaum
74 1668 1073 1710 je dieſelben berührt werden, außer wenn es gilt, über das, was
69 1711 1074 1753 die römiſche Kirche in Betreff Maria’s lehrt und thut, Weherufe
62 1762 234 1800 zu erheben.”
111 1797 1080 1837 — Unter dem Titel Eine Geographie aus dem 13. Jahr-
69 1840 1080 1879 hundert hat Ign. B. Zingerle (als beſond. Abdruck aus den
66 1881 1070 1921 Sitzungsberichten der kaiſ. Akad. d. Wiſſ. Wien, Gerold 1865
78 1926 1079 1963 88 S. 8. 12 Sgr.) einen 1525 Verſe umfaſſenden Abſchnitt
69 1968 1092 2008 aus der »Cristherrechronik« (Weltchronick Rudolf’s v. Ems?)
66 2013 1071 2050 herausgegeben, gewiſſermaßen ein Compendium und ein in ſich
74 2055 1067 2092 abgerundetes, von geſchickter Hand entworfenes Geſammtbild der geo⸗
1136 166 2147 201 graphiſchen Kenntniſſe jener Zeit: eine willkommene Gabe für alle
1142 208 2145 243 Freunde der mhd. Dichtung und insbeſondere für diejenigen, welche
1134 251 2141 286 ſich für die hiſtoriſche Entwicklung dieſer erſt in unſern Tagen
1133 294 2136 328 zur höchſten Blüthe gelangten Wiſſenſchaft intereſſiren. Z. ſucht
1136 337 2136 370 durch häufige Hinweiſe in den Anmerkungen glaublich zu machen,
1136 379 2136 414 daß die hist. natur. des jüngern Plinius als Hauptquelle zu
1136 421 2138 457 betrachten ſei. Directer iſt offenbar aus der h. Schrift geſchöpft,
1136 465 2147 499 wie der Ausgangspunkt (Thurmbau zu Babel) und die Gliede⸗
1136 507 2141 543 rung des Stoffes nach den Abkömmlingen des Sem (Asia bis
1140 550 2148 583 V. 660), Japhet (Europa bis V. 1243) und Cham (»Affrikâ«)
1130 592 2138 630 beweist, und nächſtdem aus den gelehrten und ungelehrten Tra⸗
1140 636 2139 672 ditionen der Zeit. Daher ſo viele dunkle Angaben und Namen.
2064 675 2103 713 G.
1182 723 2141 763 — Die Simrock’ſche Ueberſetzung des Heliand iſt vor
1140 771 2141 805 Kurzem in 2. Auflage erſchienen (Elberfeld, Friderichs 1866).
1134 813 2142 846 Dieſes wie die Bibel einfach erhabene und gleich Homer bei aller
1139 856 2147 889 treuherzigen Naivität ſo großartige und hochpoetiſche Gedicht eines
1136 900 2151 933 unbekannten Sachſen aus der Zeit Ludwig des Frommen, womit
1148 942 2133 976 ſich weder Klopſtock’s Meſſiade noch ein anderes „chriſtliches Epos”
1142 985 2147 1018 meſſen kann, iſt in meiſterhafter Ueberſetzung wiedergegeben, die
1146 1027 2148 1062 jeden Leſer, welcher für das Einfache und Natürliche ächter Poeſie
1137 1071 2145 1104 noch empfänglich iſt, je länger je mehr feſſeln wird. Der Stab⸗
1136 1114 2144 1147 reim mit ſeinem natürlichen Reize iſt beibehalten und das Ganze
1137 1156 2049 1192 von dem Ueberſetzer überſichtlich und zweckmäßig abgetheilt.
2058 1198 2109 1232 G.
1140 1279 2142 1312 Die folgenden Nummern werden außer den bereits angekündigten
1163 1317 1631 1350 Arbeiten enthalten Artikel über
1128 1368 2133 1402 Deutinger, Gegenw. Zuſtand der deutſchen Philoſ., von Hayd.
1140 1404 1838 1438 Dieringer, Laienkatechismus, von Jocham.
1133 1440 1893 1473 Ennen, Geſchichte der Stadt Köln, von Keſſel.
1136 1474 1937 1510 Laemmer, Coelestis urbs Jerusalem, von Thiel.
1142 1510 2103 1548 Martigny, dictionnaire des antiquités, von Fr. X. Kraus.
1142 1546 2000 1582 Räß, Die Convertiten ſeit der Ref., von Kampſchulte.
1133 1581 1952 1615 Rietter, Breviarium der chriſtl. Ethik, von Simar.
1143 1617 1962 1653 Tischendorf, Apocalypses apocryphae, von Langen.
1139 1654 1973 1689 Ueberweg, Geſchichte der Philoſophie, von Michelis.
1146 1690 1992 1726 Ueber die Entzifferungen der Keilſchriften, von Kaulen.
1136 1753 2147 1786 Correſpondenz der Redaction. Nro. 77: Nur ein wenig cor-
1169 1788 2147 1825 rigirt. — Nro. 93: Dankend erhalten. — Nro. 99: Ich will
1166 1825 2145 1861 ſehen. — Nro. 119: Dankend erhalten. — H. A. L. Ich ſchreibe.
1233 1863 2136 1894 — Abbé B. zu Beſangon: Die Nummern ſind nochmals abge⸗
1182 1900 2139 1932 ſchickt. — H. zu Arras: Ich habe das Februar⸗Heft der Revue
1172 1936 1367 1969 nicht erhalten.
1146 2005 2142 2039 Mit No. 7 iſt das erſte Quartal des Literaturblattes geſchloſ⸗
1170 2051 2148 2087 ſen; wir bitten um rechtzeitige Erneuerung des Abonnements.
864 2112 1316 2195 Anzeigen.
131 2211 785 2254 Im Verlage des Unterzeichneten erſchienen:
330 2266 831 2306 Melodiae sacrae
125 2320 1032 2365 quas, paribus vocibus cantandas, collegit et scripsit
270 2368 882 2406 P. Adolphus de Doss, S. J.
132 2412 1004 2455 I. Theil 264 Seiten in Quart. . . . . Thlr. 1. 12½.
146 2449 1013 2488 II. Theil Seite 266—368 in Quart . . Thlr. — 17½.
234 2562 932 2602 Geiſtliche Lieder
564 2617 579 2651 für
428 2665 713 2701 gleiche Stimmen
348 2710 809 2750 geſammelt und geſchrieben von
378 2756 783 2792 P. Adolph von Doß, S. J.
291 2801 858 2839 186 Seiten in Quart. geh. 1 Thlr.
107 2856 488 2893 Bonn im März 1866.
800 2892 1028 2929 A. Henry.
1319 2217 1955 2251 Bibliotheca cathol. theologica.
1185 2271 2147 2306 So eben verliess die Presse unser neuester Antiquar. Kata¬
1137 2313 1313 2347 log (Nr. 82)
1220 2359 2060 2399 Katholische Theologie
1140 2413 2142 2446 enthaltend und steht den Tit. Liebhabern auf frankirtes Ver-
1137 2448 1760 2485 langen ohne Berechnung zu Diensten.
1221 2482 2142 2518 Ueber 4500 Nummern enthaltend zeichnet sich dieser Ka-
1149 2518 2144 2554 talog durch seltene Manuscripte, Incunabeln, wie höchst bedeu¬
1148 2554 2151 2590 tende Werke, z. B. die 5. deutsche Bibel, die Bollandisten, das
1134 2590 2151 2626 Bullar. magn. Roman. pontific. etc., eine grosse Zahl von Wer-
1140 2628 2153 2665 ken der Kirchenväter in den besten Ausgaben etc., eine reichhaltige
1145 2664 1988 2701 Sammlung von Predigten und ascetische Literatur aus.
1286 2709 2136 2746 Ganze Bibliotheken, sowie einzelne Werke von Be-
1275 2746 2004 2781 deutung kaufen wir stets zu guten Preisen.
1202 2796 1898 2840 Nördlingen (Bayern) im Februar 1866.
1649 2853 2058 2884 C. H. Beck’sche
1592 2890 2109 2925 Buch- & Antiquariats-Handlung.
159 2955 2001 2999 Verantw. Redacteur Prof. Reuſsch. — Verlag von A. Henry in Bonn. — Druck von Carl Georgi in Bonn.
