2191 3067
51 53 116 108 27
593 75 1593 109 Nr. 1 — Theologiſches Literaturblatt — 1866.
2100 76 2147 106 28
873 208 1313 244 Anzeigen.
95 267 969 303 Bei Adolph Marcus in Bonn iſt ſo eben erſchienen:
534 321 608 355 Aus
165 409 963 444 meinem Leben.
540 460 591 490 Von
384 507 758 544 Ferdinand Walter.
450 544 700 583 Preis 1⅔ Thlr.
95 594 1050 630 Inhalt: I. Die Kindheit und Jugend. — Wetzlar (1794—
63 627 1080 666 1802). — Düſſeldorf (1802—1805). — Mülheim a. Rh. (1805—
62 663 1068 703 1809). — Cöln (1809—1813). — II. Militäriſches. — Die
68 705 1078 739 franzöſiſche Conſcription (Auguſt 1813). — Der Eintritt als Frei⸗
59 741 1073 777 williger (Ende 1813). — Der Anfang des Feldzuges in Frankreich
60 777 1070 814 (Jan. 1814). — Züge in Brabant (Jan. Febr. 1814). — Die
56 813 1073 849 erſte Einnahme von Soiſſons (Febr. 1814). — Bedrängte Kriegs⸗
62 849 1068 885 verhältniſſe (März 1814). — Die Schlachten von Caronne und
63 885 1068 922 Laon (März 1814). — Erholung (März 1814). — Kreuz⸗ und
66 921 1082 958 Querzüge (März 1814). — Gegen Paris (März und April 1814).
63 959 1070 994 — Aufenthalt in Paris (bis Hälfte Juni 1814). — Rückreiſe und
62 993 1064 1032 Abſchied (Juni 1814). — III. Die Ausbildung. — Die Fni⸗
68 1032 1077 1066 verſitätsjahre (1814—1817). — Die Doctorpromotion (1817—1818).
65 1066 1073 1102 — Der Anfang als Privatdocent (1818—1819). — IV. Das
69 1104 1065 1141 wiſſenſchaftliche Leben — V. Kirchliches. — Die innere
69 1140 1071 1179 Entwicklung. — Das Kirchenrecht. — Der Erzbiſchof Clemens
69 1179 1081 1213 Auguſt (1836—1845). — Friedrich Wilhelm IV. (1840—1847). —
69 1215 1078 1252 Die neue Verfaſſung (1848—1850). — VI. Bürgerliches. —
63 1251 1082 1288 Der Hoſpitalbau in Bonn. — Das Beethoven⸗Monument. — VII.
74 1288 1077 1324 Politiſches. — Bonn im Jahr 1848. — Berlin (Mai u. Juni.
60 1324 1073 1360 — Auguſt bis November 1848). — Brandenburg (November u.
62 1360 1065 1396 December 1848). — Frankfurt und Berlin (December 1848 u. Ja⸗
63 1398 1078 1431 nur 1849). — Berlin in der erſten Kammer (1849 u. 1850). —
65 1432 398 1468 VIII. Perſönliches.
92 1497 1074 1531 Bei J. P. Bachem in Köln iſt erſchienen und in allen Buch⸗
66 1533 384 1567 handlungen vorräthig:
63 1590 1070 1624 Wiſeman, Nic., Cardinal, Erinnerungen
104 1632 1070 1663 an die letzten vier Päbſte und an Rom in ihrer Zeit. Im Auf⸗
92 1668 1070 1702 trage Sr. Eminenz überſetzt von Prof. Dr. F. H. Reuſch. Dritte
107 1707 702 1738 Auflage. 400 S. 8. Broch. 28 Sgr.
62 1782 1070 1819 Cardinal Wiſeman’s Predigten complet!
95 1822 1034 1861 Mit Genehmigung Sr. Eminenz überſetzt von Prof. Dr. Joh.
291 1863 851 1896 Kayſer und Pfarrer G. Schündelen.
65 1906 1076 1945 I. Band. 2 Theile. Predigten über den Heiland und die allerſeligſte
173 1945 969 1980 Jungfrau. 400 S. 8. Preis broch. 1 Thlr. 3 Sgr.
101 1978 1070 2016 Dieſe Sammlung enthält folgende 17 Predigten: Die Menſchwer⸗
59 2016 1088 2050 dung und Geburt Jeſu Chriſti. — Die Erſcheinung dis Herrn. —
69 2052 1076 2086 Der Knabe Jeſus im Tempel. — Der h. Name Jeſus. — Die bei⸗
65 2088 1074 2124 den großen Geheimniſſe der Liebe. — Der Berg Thabor und der
66 2124 1080 2160 Oelberg. — Jeſus, Erquicker der Mühſeligen und Beladenen. —
62 2163 1076 2197 Von der ſittlichen Haltung und Hingabe des Heilandes in ſeinem
59 2199 1074 2233 letzten Leiden. — Ueber das Aergerniß, das an Chriſtus genommen
63 2235 1067 2269 wird. — Die Triumphe des Kreuzes. — Paſſions⸗Betrachtung. —
62 2272 1065 2308 Dem Herrn zur Seite. — Ueber die Verſuchung. — Das Reich
62 2307 1074 2343 Chriſti. — Herzens⸗Andacht zur allerſeligſten Jungfrau. — Vereh⸗
66 2344 1038 2380 rung der allerſeligſten Jungfrau. — Maria, die Mutter Gottes.
105 2382 1076 2416 In einem Anhange befinden ſich 6 Hirtenbriefe über die Andachten
72 2418 1073 2452 zu dem heiligſten Herzen Jeſu, mit Rückſicht auf das Unterrichts⸗
62 2454 1071 2490 weſen; nämlich: Vom heiligen Herzen. — Ueber die Geheimniſſe
59 2491 1065 2526 des heiligen Herzens. — Von dem Feuer des heiligſten Herzens. —
65 2527 1087 2562 Von dem koſtbaren Blute des heiligſten Herzens. — Ueber die Er⸗
72 2566 1074 2599 ziehung des heiligſten Herzens Jeſu. — Anordnung des vierzigſtün⸗
69 2601 1067 2635 digen Gebetes zur Anbetung des allerheiligſten Altarſacramentes im
72 2637 243 2670 Jahre 1849.
110 2682 1035 2716 II. Band. Predigten über das chriſtliche Leben. 424 S. 8.
368 2718 765 2752 Preis broch. 1 Thlr. 6 Sgr.
98 2754 1080 2788 Gleich dem 1. Bande enthält auch dieſer 2. Band einen abgerun⸗
62 2790 1086 2826 deten Cyclus von Predigten, nämlich: Von der Liebe zur Welt. —
59 2827 1085 2862 Vom Aergernißgeben. — Von den Gefahren des Reichthums. —
71 2863 1093 2899 Von der Ehrabſchneidung. — Von der Buße. — Von dem vierzig⸗
66 2898 1087 2934 tägigen Faſten. — Von der Beichte. — Von dem unnützen Knechte.
75 2935 1083 2971 — Von der unwürdigen Communion. — Vom Aufſchieben der
65 2974 1080 3012 Buße. — Von der geringen Zahl der Auserwählten. — Von der
1131 261 2155 300 Abſcheulichkeit der Sünde. — Vom Tode. — Vom unvorbereiteten
1131 298 2144 334 Tode. — Von dem letzten Gerichte. — Vom Dunkel und Licht im
1143 336 2142 373 Glauben. — Von der Einheit im Glauben. — Von der chriſtlichen
1130 372 2127 409 Liebe. — Von der Liebe des Nächſten. — Zu einer Primizfeier. —
1133 411 2149 445 Vom Wankelmuth und deſſen Heilung. — Von der Trübſal. —
1128 450 1406 483 Schlußbetrachtung.
1170 483 2136 517 Wie der Name des hohen Verfaſſers ſind auch die der Ueberſetzer
1123 523 2150 557 durch ihre frühern Uebertragungen aus dem Engliſchen längſt vor⸗
1131 561 1371 592 theilhaft bekannt.
1322 658 1946 693 William Shakeſpeare.
1494 711 1779 745 Von Sr. Eminenz
1382 754 1884 787 Nicolaus Cardinal Wiſeman.
1455 807 1827 838 Autoriſirte Ueberſetzung.
1274 844 1989 877 4½ Bogen 12. Preis geh. 7½ Sgr. (18 Kr.)
1158 889 2136 922 Die letzte literariſche Arbeit des großen Kirchenfürſten, der Ent⸗
1136 927 2130 958 wurf eines Vortrages in dem „Königlichen Inſtitut von Großbri⸗
1124 963 2135 994 tannien”, zu welchem Sr. Eminenz eingeladen worden war, iſt ge⸗
1126 999 2133 1031 eignet, die allgemeine Aufmerkſamkeit in hohem Grade auf ſich zu
1133 1035 2126 1068 ziehen. Sie zeichnet ſich aus durch die dem Verfaſſer eigenthümliche
1133 1071 2136 1104 Feinheit des Gedankens und Zierlichkeit des Ausdrucks, und gibt
1139 1108 2146 1140 Zeugniß von der bis zu den letzten Tagen ſeines Lebens unge⸗
1127 1144 1883 1177 ſchwächten Friſche, Fülle und Kraft ſeines Geiſtes.
1130 1218 2139 1255 Predigten von Dr. Daniel Murray, weiland Erzbiſchof von
1170 1258 2133 1294 Dublin. Aus dem Engliſchen überſetzt und dem hochwürdigſten
1163 1296 2130 1332 Herrn Weihbiſchofe Freusberg von Paderborn, Herrn Regie⸗
1161 1332 2133 1366 rungsrath Kopp und Herrn Prof. Dr. Rodehuth gewidmet von
1157 1369 2129 1402 Dr. Joh. Kayſer, Prof. an der phil.⸗theol. Lehranſtalt zu Pader⸗
1173 1405 2133 1438 born. Zweite Auflage in zwei Bänden. I. Band, enthaltend:
1173 1440 2143 1474 Predigten auf die Sonntage des Jahres vom Advent bis zum
1172 1476 2145 1510 Dreifaltigkeits⸗Sonntag. 380 Seiten 8. Preis broch. 1 Thlr.
1167 1512 2133 1546 II. Band, enthaltend: Predigten für die Sonntage nach Pfingſten
1167 1548 2139 1584 und für die Hauptfeſte des Jahres. 444 S. 8. Preis broch.
1167 1586 1274 1618 1 Thlr.
1205 1621 2145 1656 Dieſe ausgezeichneten Predigten des größten Kanzelredners von
1137 1659 2139 1693 Irland, deſſen Beredtſamkeit ſeiner Zeit O’Connell „erhaben” nannte,
1128 1695 2133 1731 ſind durchaus praktiſch, rein poſitiv, ſchlicht und einfach, Eintheilung
1131 1732 2139 1768 und Anordnung klar; die Uebergänge ſind natürlich, ſo daß ſie jedem
1134 1768 1617 1807 Prediger brauchbare Muſter ſind.
1202 1803 2145 1837 Ueber die Gediegenheit dieſes Predigtwerkes ſprachen ſich ſchon
1137 1842 2142 1878 beim Erſcheinen der erſten Auflage ſämmtliche bedeutende katholiſche
1134 1878 2148 1914 Blätter überaus günſtig aus. So u. A. die „Tübinger Theol. Quar⸗
1127 1914 2138 1950 talſchrift”, das „Freib. Kath. Kirchenblatt”, die „Kath. Blätter aus
1131 1950 2139 1987 Tirol”, die „Kath. Literatur⸗Zeitung” etc. Letztere nennt die Ueber⸗
1123 1987 2138 2023 ſetzung „ausgezeichnet.” Die erſte Auflage wurde in zwei Jah⸗
1134 2029 1332 2059 ren vergriffen.
1235 2091 2028 2124 Neues, billiges katholiſches Volks⸗ und Hausbuch.
1518 2140 1764 2173 Des ehrwürdigen
1329 2193 1944 2227 Martin von Cochem
1133 2238 2149 2270 Erklärung des heil. Meßopfers. Nebſt vier Meßandachten,
1169 2274 2135 2307 Beicht⸗ und Communiongebeten aus andern Erbauungsbüchern
1173 2310 2151 2344 deſſelben Verfaſſers. In neuer Bearbeitung von einem
1167 2346 2151 2382 Pfarrer der Erzdiöceſe Köln. Unter Genehmigung der
1175 2382 2147 2416 hochwürd. geiſtlichen Obrigkeit. Mit einem Titelbild in Stahlſtich.
1173 2419 2142 2452 700 S. 8. in großer Schrift auf ſtarkem Papier. Preis geh. 18 Sgr.
1202 2455 2136 2488 Dieſe neue Ausgabe, welche durch kräftiges Papier, feinen Stahl⸗
1130 2493 2152 2527 ſtich, größern Druck und ſtärkere Seitenzahl bei dem gleichen billigen
1142 2529 2147 2563 Preiſe von 18 Sgr. oder 1 Fl. 3 Kr. ſich vor den bisherigen Aus⸗
1142 2563 2138 2599 gaben auszeichnet, genügt allen Anforderungen der Gegenwart hin⸗
1140 2601 2139 2637 ſichtlich des Stiles, ohne der ſo ſchlichten und anziehenden Darſtel⸗
1134 2637 2136 2673 lungsweiſe des Verfaſſers zu nahe zu treten. Schwerlich iſt wohl
1131 2674 2139 2710 in einem andern Buche die Vortrefflichkeit des h. Meßopfers ſo gründ⸗
1137 2710 2133 2746 lich auseinandergeſetzt, als in dieſem ſeit mehr als 150 Jahren ſehr
1137 2746 2148 2785 geſchätzten und verbreiteten Buche. Es iſt ſo viel als möglich in
1143 2782 2142 2820 einer alten Geſtalt gelaſſen und nur das enffernt worden, was heut
1143 2820 2133 2857 zu Tage nicht mehr zur Erbauung dienen kann. Die Schriftſtellen
1140 2856 2153 2892 ſind nach dem approbirten Allioli’ſchen Texte gegeben, die Citate be⸗
1137 2892 2145 2929 richtigt und nach den beſten neuern Werken vermehrt. Vier aus⸗
1132 2928 2138 2964 gezeichnete Meßandachten, Beicht⸗ und Communion⸗Ge⸗
1129 2967 2052 3001 bete von P. Martin von Cochem ſelbſt bilden den Anhang.
