2202 3047
62 79 128 112 151
611 72 1577 108 Nr. 5 — Theologiſches Literaturblatt — 1866.
2057 70 2138 102 152
68 169 1061 205 Bild eines aufrichtigen Mannes entgegen.” Schließlich meint
68 214 1074 247 er: „Das lehrreichſte Geſtändniß legt N. in den Worten ab:
74 256 1064 291 »Ich bemerkte (nach meinem Uebertritte) nichts von Befeſtigung
71 300 1071 334 im Glauben an die Grundwahrheiten der Offenbarung, nichts
71 343 1059 376 von größerer Kraft der Selbſtbeherrſchung; ich wurde nicht eifri⸗
74 387 1068 420 ger; aber es war mir, als ob ich nach ſtürmiſcher Seefahrt in
74 429 1061 460 den Hafen einliefe.« Alſo mehr Ruhe, das iſt der einzige ver⸗
63 472 1059 505 meintliche Gewinn.” Wenn H. mit dieſem aus dem Zuſammen⸗
68 514 1061 550 hange geriſſenen Satze bei ſeinen Leſern den Eindruck hervorrufen
65 559 1068 591 will, als ob N. in der kath. Kirche nicht das gefunden, was er
60 601 1059 637 geſucht, ſo muß er natürlich vorausſetzen, das ſeinen Leſern New⸗
60 645 1062 676 man’s Schrift ſelbſt nicht zu Geſicht komme, in welcher, um
59 688 1064 721 nur eine Stelle zu citiren, S. 343 Folgendes zu leſen iſt: „In
68 730 1059 765 der kath. Kirche ſtand mir fortan eine Wirklichkeit vor Augen,
69 772 1071 805 von welcher ich bis dahin keinen Begriff gehabt hatte. Ich ſah
65 816 1061 849 auf ſie hin, auf ihre heiligen Gebräuche, ihren Gottesdienſt, ihre
69 858 1064 891 Lehren und Gebote und ſagte mir: das iſt eine Religion. Und
66 900 1061 934 blickte ich dann zurück auf die Armſeligkeit der anglicaniſchen
66 943 1074 976 Kirche, für welche ich doch ſo heiß geſtritten hatte, und dachte
62 987 1076 1021 ich dann an unſere mancherlei Verſuche, ſie dogmatiſch und aſthe⸗
69 1029 1055 1063 tiſch aufzuputzen, ſo kann mir das jetzt als die baarſte aller Rich⸗
65 1074 267 1107 tigkeiten vor.”
158 1114 1065 1149 — Von der bekannten Schrift „Ein biſchöfliches Wort
65 1158 1062 1192 an die Proteſtanten Deutſchlands, von Dr. Konrad Martin,
65 1201 1062 1234 Biſchof von Paderborn” iſt eine vierte Auflage in kleinerm For⸗
72 1245 1062 1279 mat und zu billigerm Preiſe (12 Sgr.) erſchienen. Wenn dieſe
69 1287 1070 1321 Auflage ausdrücklich als „unverändert” bezeichnet wird, ſo kann
59 1330 1068 1363 Ref. nicht umhin, ſein Bedauern darüber auszuſprechen, daß
62 1371 1059 1405 nicht die factiſchen Ungenauigkeiten und Verſehen, die ſich eingeſchli⸗
60 1413 1061 1449 chen hatten, berichtigt, einige Unebenheiten und Mängel in der
72 1455 1065 1492 Form beſeitigt und diejenigen Stellen, welche zu ſo vielen An⸗
71 1497 1067 1534 griffen gegen den Verf. Anlaß gegeben, durch Eräuterungen
66 1539 1070 1576 oder eine andere Faſſung gegen Mißverſtändniſſe ſicher geſtellt
69 1588 237 1621 worden ſind.
174 1635 1061 1672 — Prof. Reinkens zu Breslau hat die bei der Uebernahme
63 1678 1059 1714 des Rectorates gehaltene Rede dem Drucke übergeben. Der Titel
60 1722 1058 1759 lautet: „Die Geſchichtsphiloſophie des heiligen Au⸗
56 1764 1077 1804 guſtinus. Mit einer Kritik der Beweisführung des Mate⸗
57 1809 1068 1846 rialismus gegen die Exiſtenz des Geiſtes” (Schaffhauſen, Hurter
68 1851 1061 1887 1881, 41 S. 8.). — Reden bei feierlichen Anläſſen ſind als
65 1894 1067 1929 Programme und Geſinnungsäußerungen aufzufaſſen, bei welchen
66 1936 1065 1972 die Opportunitätsfrage in erſter Linie ſteht. R. hat ſich zum
66 1980 1079 2014 Gegenſtande ſeiner Rede das unvergängliche Werk des h. Augu⸗
69 2022 1061 2059 ſtinus vom Gottesſtaate gewählt, um zu zeigen, welche hohe und
66 2065 1062 2103 erhabene, nie veraltende Anſchauungen in dieſem Werke niederge⸗
1124 165 2127 198 legt ſeien. In der Ueberzeugung, daß in dieſen Anſchauungen
1128 208 2126 241 der Idealismus des Gedankens ſeinen letzten und höchſten Hort
1127 250 2133 285 habe und in gefliſſentlichem Abſehen von denſelben ſich nicht
1127 294 2132 327 halten laſſe, bringt er mit ſeiner Schilderung der Idee des Au⸗
1131 336 2136 373 guſtiniſchen Gottesſtaates eine Kritik des modernen Materialis⸗
1122 379 2127 412 mus in Verbindung, welche Verknüpfung wohl keinen andern
1134 423 2133 457 Zweck gehabt haben dürfte, als der akademiſchen Zuhörerſchaft das
1130 465 2135 498 bei reifem und durchgebildetem Denken unausweisliche aut, aut
1131 508 2133 541 der Entſcheidung für eine gläubig⸗ideale oder ungläubig⸗materia⸗
1134 550 2130 586 liſtiſche Lebens⸗ und Geſchichtsanſchauung zum weitern Nachdenken
1134 594 2121 628 vorzulegen. Auf dieſen Gelegenheitszweck iſt auch der ſchwung⸗
1124 637 2139 670 volle Ton und die bilderreiche, mit Citaten aus den nationalen
1130 679 2045 712 Claſſikern ausgeſtattete Diction berechnet. C. W.
1152 721 2126 757 — Die zweite Auflage der Schrift: „Die Lebens⸗Elemente
1128 763 2135 798 der Staaten. Von Dr. Joh. Joſ. Roßbach,” iſt zwar
1131 807 2133 841 vor 1865 erſchienen (Würzb. 1864. XII u. 155 S. 20 Sgr.);
1136 849 2120 882 wir zeigen die Schrift aber doch kurz an, weil ſie eine der we⸗
1130 892 2127 925 nigen iſt, die in katholiſchem Geiſte die Fragen über die Grund⸗
1131 934 2133 969 lagen des Staates, deſſen Verhältniß zur Geſellſchaft und zur
1131 979 2127 1011 Nationalität behandeln, die chriſtliche Geſittung als Element des
1134 1023 2124 1054 Staates feſthalten, zugleich aber in dem conſtitutionellen Syſteme
1122 1065 2130 1098 eine begründete Forderung der Zeit erblicken und deſſen richtige
1121 1108 2126 1141 Grundlagen feſtzuſtellen ſuchen. Wärme des Gefühls und tiefe
1124 1152 2045 1186 Gedanken zeichnen ſie aus. Sch.
1125 1257 2130 1288 Die folgenden Nummern werden außer den früher angekündigten
1157 1291 1620 1327 Arbeiten enthalten Artikel über
1131 1336 1914 1369 Dippel, Philoſophie des C. Bovillus, von Hayd.
1128 1374 1881 1405 Friedhoff, Spec. Moraltheologie, von Merkle.
1137 1408 1997 1443 Gfrörer, Zur Geſch. deutſcher Volksrechte, von Lörſch.
1131 1443 1797 1476 Kaim, Das Kirchenp tronat, von Schulte.
1122 1479 1958 1513 Kerſchbaumer, Lehrb. der Paſtoraltheol., von Roth.
1140 1515 2123 1549 Luthardt, Kahnis und Brückner, die Kirche etc., von Hettinger.
1137 1551 1919 1585 Patiß, Leben des Gottmenſchen J. C., von Henke.
1127 1587 1758 1620 Pfau, Die ſociale Frage, von Stumpf.
1122 1623 1824 1654 Rieß, Petrus Caniſius, von P. Beckmann.
1131 1659 1826 1690 de Rossi, Roma sotterranea, von Heuſer.
1136 1695 1967 1729 Schlünkes, Lehren der kath. Religion, von Hilgers.
1137 1734 2022 1767 Schmitt, Erſtcommunicanten⸗Unterricht, von Dubelman.
1130 1770 1790 1803 Schumacher, Die Stedinger, von Rump.
1128 1806 1800 1839 Schunken, Die Abtei Werden, von Rump.
1133 1845 1901 1878 Sepp. Geſchichte der Apoſtel, von Stiefelhagen.
1173 1914 2127 1947 Correſpondenz der Redaction. Nro. 60: Dankend erhalten.
1182 1950 2133 1983 — Nro. 63: Ich bitte, die Art. zu ſchicken. — Nro. 72: M. und
1124 1987 2136 2019 R., wie Sie ſehen, vergriffen; das Andere willkommen. — Nro. 184:
1133 2025 1394 2056 Dankend erhalten.
860 2129 1328 2214 Anzeigen.
95 2238 1071 2271 Im Verlage des Literariſchen Inſtituts von Dr. M. Huttler
60 2274 476 2311 in Augsburg erſcheint die
245 2358 882 2391 Augsburger Poſtzeitung.
132 2416 1008 2451 Täglich in einem ganzen Bogen und zwei wöchentlichen
60 2460 1071 2497 literariſch⸗belletriſtiſchen Beilagen erſcheinende politiſche
501 2502 626 2536 Zeitung.
66 2550 1073 2589 Preis per Quartal 2 fl. 20 kr. rhein. oder 1⅓ Thlr, für
240 2596 906 2629 Monat Februar und März 1 fl. 36 kr.
111 2644 1077 2680 Von größeren Original⸗Artikeln, die im Januar heurigen
68 2691 864 2724 Jahres erſchienen ſind, erwähnen wir unter andern:
96 2742 1080 2779 Im Hauptblatte: Blicke nach Italien. (Dritte Folge.) —
63 2776 1065 2818 Rückſchau auf das Jahr 1865. (I.—IX.) Zur katholiſchen No⸗
65 2812 1065 2850 velliſtik. — Meteorologiſche Beobachtungen. — Richard Wagner
63 2851 1058 2887 und das bayeriſche Volk. — Das Vaterland und der Parteikampf.
78 2889 1064 2925 — Die Anſicht des hl. Stuhles von der franzöſisch⸗italieniſchen
1128 2227 2138 2266 Convention des 15. Septembers 1864. — Ein Kapitel aus der
1116 2265 2130 2299 neueſten Leidensgeſchichte Polens. — Zur höheren und niederen
1131 2299 2135 2338 Schulfrage. — Die Situation in Ungarn. — Der Katholicismus
1121 2337 2136 2373 und die Revolution. —Politiſche Falſchmünzerei. — Verrath an
1125 2371 2133 2409 König und Vaterland. — Stellung Croatiens zu Ungarn. — Die
1128 2409 2138 2445 Geldcalamität und das Pfandbrief⸗Inſtitut. — Was wird aus
1140 2446 1806 2482 Polen werden? — Die „Landesdeputation.”
1166 2481 2138 2518 In der Beilage: Geſchichte der apologetiſchen und polemiſchen
1130 2517 2135 2554 Literatur der Theologie von Dr. Werner. — Friede zwiſchen Rom
1122 2553 2139 2593 und Italien (I. u. II.) — Freie Studien. — Die Freimaurerei im
1127 2590 2130 2628 Bisthum Eichſtädt. — Zur Geneſis der erſten Theilung Polens,
1127 2626 2133 2662 von Janſſen. — Gangauf, Abt, des hl. Auguſtinus ſpekulative
1130 2661 2126 2701 Lehre von Gott dem Dreieinigen. — Das Bonner theologiſche
1124 2699 2156 2736 Literaturblatt. — Der Abfall der Niederlande, von Holzwarth. —
1134 2736 2132 2774 Hermann Lingg’s Völkerwanderung. — Die religiöſe Bewegung im
1127 2775 2138 2811 Orient (I. u. II.) — Geſchichte der deutſchen Kaiſerzeit, von Wilh.
1118 2812 1339 2847 v. Gieſebrecht.
1157 2848 2127 2883 Feuilleton: Original⸗Erzählungen: Elsbeth von Reh⸗
1130 2887 1221 2922 lingen.
195 2950 1991 2988 Verantw. Redacteur Prof. Reuſch. —Verlag von A. Henry in Bon. — Druck von Carl Georgi in Bonn.
