2218 2478
752 50 1548 120 Regiſter zu dem Jahrgang 1866.
894 174 1335 211 Die Ziffern bezeichnen die Spalten.
807 357 1370 397 I. Verzeichniß der Mitarbeiter.
80 435 1061 481 Dr. Joſeph Bach, Privatdocent der Theologie zu München 496.
80 471 999 519 Dr. Ferdinand Ballay, biſchöfl. Bibliothekar zu Raab 145.
86 507 1092 558 Dr. Joſeph Bauerband, Geh. Juſtizrath u. Prof. der Rechte zu
150 546 300 579 Bonn 361.
72 580 1089 628 Dr. Peter Beckmann, Oberlehrer an der Realſchule zu Münſter
164 618 362 652 250. 633. 781.
77 652 1097 700 Dr. Franz Xaver Dieringer, Domcapitular u. Prof. der Theo⸗
146 691 728 730 logie zu Bonn 5. 131. 221. 241. 417.
77 723 791 767 Dr. Auguſt von Druffel zu München 817.
77 760 1005 804 Dr. Peter Dubelman, Pf. zu Euskirchen, Diöc. Köln 283.
74 795 1023 840 Dr. Leonhard Ennen, Stadtarchivar zu Köln 473. 692. 853.
74 831 1082 877 Dr. Bernhard von Florencourt zu Paderborn 277. 407. 575.
68 867 938 910 Dr. Anton Gmelch, Pf. zu Balzers in Lichtenſtein 216.
77 904 1074 954 Dr. Eduard Göbel, Director des Gymnaſiums zu Fulda 46.
153 942 285 973 255. 498.
75 976 1091 1029 Dr. Heinrich Hagemann, Prof. der Theologie zu Hildesheim 70.
153 1011 444 1050 390. 481. 732. 767.
72 1047 1068 1101 Dr. Daniel Bonifaz von Haneberg, Abt zu St. Bonifaz u. Prof
144 1083 1038 1137 der Theologie zu München 33. 57. 82. 89. 313. 351. 771.
81 1119 900 1170 Dr. Heinrich Hayd zu München 287. 659. 744. 775.
71 1156 1083 1209 Dr. Carl Joſeph von Hefele, Prof. der Theologie zu Tübingen
146 1194 360 1230 451. 482. 569.
68 1225 840 1275 Dr. C. Henke, Prof. der Theologie zu Trier 309.
68 1264 1071 1315 Dr. J. Hergenröther, Prof. der Theologie zu Würzburg 446.
141 1302 353 1339 475. 512. 543.
71 1338 972 1386 Dr. Anton Heuſer, Subregens im Seminar zu Köln 188.
71 1374 1076 1426 Dr. Franz Hettinger, Prof. der Theologie zu Würzburg 153. 703.
62 1410 947 1459 Dr. B. J. Hilgers, Prof. der Theologie zu Bonn 157.
75 1446 1093 1499 Franz Hülskamp, Herausgeber des ‚Literariſchen Handweiſers’
138 1483 383 1516 zu Münſter 824.
68 1516 1081 1570 Dr. Johann Janſſen, Prof. der Geſchichte zu Frankfurt a. M. 332.
63 1555 1071 1608 Dr. Magnus Jocham, Prof. der Theologie zu Freiſing 9. 144.
144 1593 284 1626 260. 384.
68 1624 1070 1681 Dr. Franz Wilhelm Kampſchulte, Prof. der Geſchichte zu Bonn
143 1664 287 1697 271. 673.
71 1699 1065 1753 Dr. J. M. Katzenberger, Prof. der Philoſophie zu Bamberg
137 1738 338 1771 202. 363. 813
65 1768 1033 1821 Dr. Franz Kaulen, Privatdocent der Theologie zu Bonn 173.
68 1804 1046 1857 Dr. Johann Kayſer, Prof. der Philoſophie zu Paderborn 412.
68 1842 1047 1891 Dr. L. Kellner, Regierungs⸗ u. Schulrath zu Trier 212. 859.
65 1878 1071 1930 Dr. Johann Hubert Keffel, Pf. zu Alfter, Diöc. Köln 343. 843.
60 1911 1007 1966 Dr. Peter Kneedt, Prof. der Philoſophie zu Bonn 167. 205.
59 1948 945 1999 Dr. Joſeph König, Prof. der Theologie zu Freiburg 833.
59 1986 893 2035 Dr. Joſeph Köſſing, Domcapitular zu Freiburg 318.
62 2022 1032 2073 Dr. Franz X. Kraus zu Pfalzel bei Trier 484. 517. 606. 640.
56 2058 1071 2113 Dr. Joh. Bapt. Kraus, Lyceal⸗Rector u. Prof. der Theologie zu
143 2098 362 2131 Regensburg 572.
56 2128 1078 2182 Dr. Joſeph Langen, Prof. der Theologie zu Bonn 24. 38. 61.
138 2169 840 2211 225. 300. 369. 406. 505. 537. 697. 729. 837.
62 2200 1007 2254 Fr. X. Linſenmann, Repetent im Convict zu Tübingen 793.
63 2236 945 2286 Dr. Hugo Lörſch, Privatdocent der Rechte zu Bonn 528
57 2274 1059 2328 Dr. Adalbert Maier, Geiſtl. Rath u. Prof. der Theologie zu
141 2317 333 2353 Freiburg 337.
1146 447 1907 490 Dr. J. Marx, Prof. der Theologie zu Trier 831.
1149 483 2159 532 Dr. Wilhelm Mattes, Stadtpfarrer zu Weingarten in Würtem⸗
1220 523 1692 561 berg (früher zu Böttingen) 381.
1149 555 2150 607 Dr. Georg Karl Mayer, Domcapitular u. Prof. der Theologie zu
1227 592 1506 633 Bamberg 441. 811.
1146 627 2012 676 Dr. M. Merkle, Prof. der Theologie zu Dillingen 353.
1143 666 2148 717 Dr. Friedrich Michelis, Prof. der Philoſophie zu Braunsberg
1215 705 1352 736 113. 757.
1143 735 2157 789 Dr. Joſeph Neuhäuſer, Prof. der Philoſophie zu Bonn 557.
1211 774 1446 808 591. 621. 758.
1143 805 2153 859 Dr. Adalbert Parmet, Privatdocent der Philologie zu Münſter 271.
1142 844 2160 895 Dr. Joſeph Peters, Prof. der Theologie zu Luxemburg 554. 796.
1140 879 2159 934 Dr. Laurenz Reinke, Domcapitular u. Prof. der Theologie zu
1224 918 1397 955 Münſter 92.
1143 957 1940 999 J. Reiſer, Repetent im Convict zu Tübingen 840.
1136 991 2165 1041 Dr. Fr. Heinrich Reuſch, Prof. der Theologie zu Bonn 1. 22. 52.
1214 1030 2163 1077 73. 94. 100. 129. 139. 185. 218. 261. 281. 291. 297. 358.
1218 1065 2100 1111 401. 428. 453. 494. 520. 551. 601. 629. 742. 761. 860.
1136 1099 2020 1146 Dr. Joh. Joſ. Roßbach, Rechtsrath zu Würzburg 848.
1136 1135 1985 1183 Dr. Laurenz Roth, Prof. der Theologie zu Bonn 159.
1142 1171 2029 1219 Dr. Anton Ruland, Oberbibliothekar zu Würzburg 721.
1137 1209 2162 1258 Dr. Hermann Rump, Herausgeber des ‚Literariſchen Handweiſers’
1209 1248 1787 1286 zu Marienthal bei Münſter 192. 305.
1137 1278 2023 1327 Dr. Peter Schegg, Prof. der Theologie zu Freiſing 121.
1142 1318 2144 1366 Dr. Aloys Schmid, Prof. der Theologie zu München (früher
1221 1356 2148 1404 Prof. der Philoſophie zu Dillingen) 586. 612. 644. 675. 707.
1136 1389 2011 1435 Dr. J. Schmitz, Prof. am Lyceum zu Regensburg 490.
1134 1425 2135 1474 Dr. J. Friedrich Schulte, Prof. der Rechte zu Prag 10. 102
1209 1464 1590 1503 246. 285. 388. 683. 740.
1134 1497 2137 1545 Gerhard Schündelen, Pfarrer zu Spellen, Diöc. Münſter 799.
1133 1534 2080 1582 Dr. J. Schwab, q. Prof. der Theologie zu Würzburg 665.
1136 1570 2139 1620 Dr. Iſidor Silbernagl, Prof. des Kirchenrechts zu München 78 684.
1137 1608 2141 1657 Lic. Theophil Simar, Prof. der Theologie zu Bonn 43. 194. 317.
1199 1644 1415 1681 415. 525. 654
1139 1681 2082 1728 Albert Gereon Stein, Pfarrer von St. Urſula zu Köln 326.
1137 1717 2135 1765 Dr Ferdinand Stiefelhagen, Pf. zu Cuchenheim, Diöc. Köln
1200 1752 1429 1788 245. 265. 749.
1124 1789 2133 1836 Theodor Stumpf, Oberlehrer am Gymnaſium zu Coblenz 105.
1215 1827 1423 1863 147. 396. 782.
1131 1857 2136 1908 Dr. Valentin Thalhofer, Prof. der Theologie zu München 487. 807.
1127 1894 2099 1945 Dr. Andreas Thiel, Prof. der Theologie zu Braunsberg 325.
1137 1932 2148 1981 Dr. Carl Tücking, Oberlehrer am Gymnasium zu Arnsberg 210.
1196 1969 1337 2004 238. 470.
1134 2007 2141 2053 Dr. Christian Hermann Boſen, Religionslehrer am Gymnaſium
1208 2044 1610 2080 an Marzellen zu Köln 459.
1137 2079 2130 2127 Hermann Wedewer, Prof. u. Inſpector der Selectenſchule zu
1208 2118 1550 2152 Fraukfurt a. M. 463.
1133 2149 2112 2197 Dr. Benedict Weinhart, Prof. der Theologie zu Freiſing 341.
1122 2184 2138 2236 Dr. Carl Werner, Domcapitular u. Prof. der Theologie zu St.
1202 2224 1927 2262 Pölten 18. 235. 269. 377. 598. 685. 715. 780.
1125 2260 2138 2307 Dr Cornelius Will, Archivar des Fürſten von Thurn u. Taxis
1202 2301 1506 2332 zu Regensburg 755.
1128 2331 2132 2380 P. Pius Zingerle, Benedictiner zu Marienberg in Tirol 117. 561.
