2223 3000
860 73 1371 109 Theologiſches Literaturblatt.
2138 2 2169 154 V
86 154 894 196 Luthardt, Kahnis u. Brückner, die Kirche etc. 703.
89 190 693 231 MacCarthy, Epistles and gospels 758.
83 226 679 267 Maier, 2. Brief an die Korinther 837.
83 264 824 304 Manning, The reunion of Christendom 281.
82 299 932 342 — — The temporal mission of the Holy Ghost 54.
87 333 693 378 Marenzi, Fragmente über Geologie 430.
89 373 642 411 Margraf, Kirche u. Sklaverei 105.
81 408 617 448 Martin, Biſchöfl. Wort 151. 575.
140 445 527 484 — Lehrb. der kath. Moral 25.
81 480 869 523 Maurenbrecher, Karl V u. die Proteſtanten 817.
80 517 759 558 Mayer, Meſſ. Prophezieen des Daniel 601.
80 553 801 594 Meier, das Veto gegen kath. Biſchofswahlen 86
83 591 810 633 Merx, in libro Dan. dialectus aramaea 130.
77 627 666 664 Meurin, the use of holy images 789.
71 664 963 709 Michelis, die Philoſophie Platons 558. 591. 621 757.
92 699 597 738 Mislei, die Mutter Gottes 551.
92 736 1088 781 Missale Rom., Kemptener, Regensburger u. Römiſche Ausgabe 487.
86 772 702 808 Moglia. Essai sur le livre de Job 186.
74 810 794 850 Montalembert, la victoire du Nord 147.
194 846 542 880 — — Moines d’Occident 368.
74 883 860 922 Moufang, Gedanken über eine kath. Univerſität 291.
74 919 621 955 Müller, Götter u. Menſchen 749.
74 955 936 997 München, das kanon. Gerichtsverfahren 10. 102. 567.
80 990 785 1030 Muther, Univerſitäts⸗ u. Gelehrtenleben 721.
74 1027 873 1066 Newman, Geſch. meiner relig. Meinungen 78. 150.
120 1065 1095 1108 — — A letter to the Rev. Pusey — die heilige Maria 139. 261.
272 1101 424 1135 294. 551.
75 1134 520 1171 Nicolai, der h. Benedict 368.
74 1171 662 1210 Nicolai Methonensis orationes 351
78 1206 603 1245 Niemann, Jeſu Sündeloſigkeit 694.
83 1243 560 1279 Noroff. Pelerinage ſ. Daniel.
74 1279 744 1315 Oakeley, Dr. Pusey’s recent work 139.
74 1317 737 1351 Oxenham. Dr. Pusey’s Eirenicon 521.
200 1351 821 1390 — — Catholic doctrine of the atonement 54.
78 1389 686 1426 Papſt, der, u. die modernen Ideen 743.
71 1423 594 1459 Papſt Zacharias u. Pius IX. 664.
72 1459 569 1498 Patiß, ABC der Scholaſtik 101.
61 1497 691 1537 — — das Leben des Gottmenſchen 309.
72 1530 654 1575 Patrologia graeca ſ. Greg. Palamas
78 1569 603 1611 Pawlikowski, der Talmnd 218.
71 1605 480 1641 Peregrinatores ſ. Laurent
74 1644 906 1686 Philippſon, Haben die Juden Jeſum gekreuzigt? 24.
74 1678 750 1716 Phillips, G., die Synode zu Tribur 285.
68 1714 788 1756 Phillips, G., Scholia by Mar Iacob 564. 863.
62 1750 703 1792 Pohlmann, Ephraemi Syri comm. 564.
72 1788 600 1828 Prantl, Geſchichte der Logik 113.
77 1824 578 1864 Pressensé, Jesus-Christ 505.
62 1861 494 1897 Preuner, Heſtia⸗Veſta 749.
65 1896 844 1936 Preuß, Lehre von der unbefl. Empfängniß 5. 53.
62 1932 929 1974 Pusey, Church of England etc. (Eirenicon) 54. 94.
63 1966 573 2008 — — Daniel the Prophet 121.
78 2004 535 2041 Quaestiones in rubricas 440.
71 2043 859 2082 Radenhauſen, die Bibel wider den Glauben 23.
65 2079 558 2114 Räß, die Convertiten 271. 788.
56 2113 735 2151 Raßmann, Münſterländ. Schriftſteller 824.
62 2151 808 2190 Rattinger, der Papſt u. der Kirchenſtaat 494.
62 2185 467 2221 Raumer, K. v., Leben 726.
65 2223 736 2260 Reifferſcheid, Bibliotheca patrum lat. 565.
56 2259 875 2299 Reinerding, Theologia fundamentalis 181. 219.
59 2291 653 2335 — — die philoſophiſchen Studien 255.
65 2328 770 2371 Reinke, Veränderungen des hebr. Tertes 402.
65 2362 794 2409 Reinkens, Geſchichtsphiloſophie des h. Aug. 151.
65 2401 493 2434 Renan, Les apôtres 369.
56 2437 686 2479 Reithmayr, Brief an die Galater 341.
63 2472 505 2509 Reuſch, Bibel u. Natur 428.
63 2505 404 2542 Review, ſ. Lockhart.
62 2545 667 2581 Revue des questions historiques 631.
50 2581 479 2617 Rieß. Petrus Caniſius 633.
173 2620 539 2656 — — Encyclica Pius IX. 358.
60 2649 642 2692 — — die moderne Irrlehre 742. 861.
62 2689 608 2730 Rietter, Breviarium der Ethik 317.
59 2728 738 2766 Rolfus, Verzeichniß von Jugendſchriften 789.
59 2764 770 2803 Roſenkranz, Wiſſenſchaft des Wiſſens 744.
56 2797 619 2838 Roſenthal, Convertitenbilder 407.
62 2836 705 2877 Roßbach, Lebenselemente der Staaten 152.
1158 165 1727 199 de Rossi, Roma sotterranea 188.
1157 204 1767 239 Roth, C. L., Gymnaſial⸗Pädagogik 46.
1157 238 1867 276 Roth, L., de stella a Magis conspecta 230.
1163 276 1730 313 Saedt, die kath. Kirchenfabriken 361.
1154 310 1545 348 Sammlung ſ. Actenſtücke.
1151 351 1662 384 Sans-Fiel, l’Ontologisme 417.
1163 387 1737 421 Schäzler, Natur u. Uebernatur 586.
1161 423 1855 459 Scheeben, Myſterien des Chriſtenthums 381.
1157 460 1794 498 Schegg, Evangelium nach Matthäus 225.
1155 495 1578 529 Schenkung Conſtantins 263.
1157 532 1627 564 Schlayer, Patronatrecht 683.
1167 570 1671 603 Schleiermacher, Leben Jeſu 61. 69.
1160 606 1880 642 Schletterer, Geſch. der kirchl. Dichtung 525.
1154 642 1857 679 Schlünkes, Lehren der kath. Religion 157.
1151 676 1844 714 Schmitt, Erſtcommunicanten⸗Unterricht 283.
1157 712 1807 747 Scholz, die Ehen der Söhne Gottes 187.
1155 750 1852 787 Schönfelder, Salomonis liber Apis 565.
1155 786 1711 820 Schulte, Status dioecesium 554.
1152 822 1776 856 Schumacher, H. A., die Stedinger 305.
1157 861 1924 895 Schumacher, J. J. A., Bibliſche Geſchichte 453.
1151 895 1867 933 Schuncken, Geſchichte der Abtei Werden 192.
1146 933 1680 964 Schuſter, Bibliſche Geſchichte 453.
1170 967 1713 1003 — — Handbuch zur bibl. Geſch. 245.
1142 1005 1836 1042 Sederholm, Zur Religionsphiloſophie 167.
1151 1041 1763 1075 Seitz, Bedürfniß der Rechtsreform 286.
1157 1078 1683 1110 Sepp, Geſchichte der Apoſtel 265.
1146 1113 1710 1147 — — Jeruſalem u. das h. Land 33.
1142 1147 1728 1185 Sevin, die drei erſten Evangelien 696.
1145 1185 1742 1222 Simar, Theologie des h. Paulus 793.
1152 1218 1483 1252 Simrock, Heliand 224.
1146 1254 1708 1291 Sklaverei in den Südſtaaten 147.
1148 1293 1701 1329 Speil, Lehren der kath. Kirche 277.
1145 1329 1695 1365 Sſolowjoff, Fall von Polen 332.
1155 1365 1892 1405 Spörlein, die chriſtl. Geſellſchaftsordnung 782.
1142 1404 1778 1438 Stabell, Lebensbilder der Heiligen 843.
1139 1440 1796 1477 Stöckl, Geschichte der Philosophie 18. 715
1140 1473 1680 1510 — — Prof. Huber in München 20.
1137 1506 1820 1549 — — Speculative Lehre vom Menſchen 427.
1142 1546 1793 1583 Strauß, die Halben u. die Ganzen 811.
1136 1584 1842 1623 Theoderici libellus de locis sanctis 33.
1145 1620 1577 1653 Theologie der Schule 100.
1146 1657 1694 1689 Thierſch, Friedr. Thierſch Leben 727.
1145 1695 2067 1738 Tiſchendorf, Wann wurden unſere Evang. verfaßt? 505.
1152 1729 1723 1762 — — Apocalypses apocryphae 300.
1149 1761 1604 1801 — — Monumenta sacra 223.
1142 1801 1500 1836 Tobler, ſ. Theoderici 1.
1145 1839 1818 1873 Toſi, Vorleſungen über den Syllabus 241.
1145 1875 1817 1911 Uhlhorn, Darſtellungen des Lebens Jeſu 501.
1142 1911 1886 1947 UIlathorne, Anglican theory of union 521.
1136 1947 1725 1980 Ungewitter, Geſchichte der Juden 664.
1145 1984 2075 2023 Veith, Prophezie u. Glaube (Homiletiſche Werke 9—11) 761.
1146 2019 1680 2055 Vercellone, Un codice greco 598.
1139 2055 1806 2089 Vincenzi, Greg. Nyss. et Origenes 446.
1139 2092 1754 2128 Vogüé, le Temple de Jerusalem 89.
1130 2130 1617 2161 Boſen, der Katholicismus 194.
1131 2164 1662 2199 — — Trauerrede auf Kolping 26.
1139 2202 1790 2236 Walter, Erzſtift u. Reichsſtadt Köln 853.
1146 2239 1757 2275 Weizſäcker, evangeliſche Geſchichte 505.
1145 2272 1598 2308 Wenig, Schola syriaca 117.
1149 2307 1688 2344 — — Freiheit der Wiſſenſchaft 400.
1127 2346 1899 2382 Werner, Weſen u. Begriff der Menſchenſeele 425.
1248 2382 1935 2419 — — apologetiſche u. polemiſche Literatur 517. 598.
1139 2419 1679 2452 Winter, die Prämonſtratenſer 70.
1133 2455 1790 2488 Wiſeman, Wiſſenſchaft u. Offenbarung 263.
1139 2491 1834 2524 Wittſtock, Encyclopädie der Pädagogik 498.
1139 2527 1778 2560 Wolf, Bedeutung der Weltſchöpfung 429.
1130 2562 1952 2596 Wright, Contributions to the apocr. lit. 563. 863.
1137 2601 1829 2632 Zezſchwitz, Apologie des Chriſtenthums 153.
1143 2637 1728 2671 Zimmermann, Wunder der Urwelt 431.
1136 2673 1832 2706 Zingerle, Geographie aus dem 13. Jahrh. 223.
1143 2709 1596 2745 Zittel, Proteſt. Flugblätter 25.
1139 2745 1559 2778 Zobl, Dogmengeſchichte 43.
1130 2781 1660 2812 Zſchokke, das neuteſt. Emmaus 35.
1139 2818 1685 2851 Zur Belehrung für Könige 860.
