2210 3163
71 76 158 110 695
614 73 1610 110 Nr. 21 — Theologiſches Literaturblatt — 1866.
2069 70 2148 107 696
72 174 1077 208 verlaſſen eine Zeit lang. Hiermit will aber der Evang. nicht
77 216 1070 250 ſagen, Jeſus ſei noch oft verſucht worden, ſondern er weist mit
75 259 1068 294 dieſen Worten auf die durch die Mächte der Finſterniß herbeige⸗
71 303 1064 336 führte Scene der Angſt und Verlaſſenheit Jeſu am Oelberge hin,
77 344 1076 379 welche eben Luk. 22, 41 ff. unter allen Evangeliſten am aus⸗
81 384 1041 424 führlichſten geſchildert hat. L.
132 429 1065 466 — Bei Vivès in Paris iſt eine neue Ausgabe der Werke
78 475 1077 508 Boſſuets, beſorgt von Lachat, in 31 Bänden gr. 8 erſchienen,
75 516 1074 552 1862—1866. Sie enthält mehrere bisher noch nicht gedruckte
74 561 1071 595 Schriften, unter andern etwa 100 Briefe. Die bereits bekannten
78 603 1080 639 Werke ſind großentheils „nach den Original⸗Manuſcripten revi⸗
72 648 1080 682 dirt und von Interpolationen gereinigt.” Die Schriften, welche
75 690 1067 724 Boſſuet nicht ſelbſt hatte drucken laſſen, ſind nämlich von den
71 733 1062 768 frühern Herausgebern ſehr ungenau veröffentlicht, theilweiſe durch
78 776 1079 810 willkürliche Auslaſſungen, die Predigten auch durch weitläufige
66 818 1067 853 Ausführung der von Boſſuet bloß ſkizzirten Punkte entſtellt wor⸗
65 861 1074 898 den. „Niemals, ſagt de Maiſtre, iſt ein berühmter Schriftſteller
74 904 1080 939 hinſichtlich ſeiner hinterlaſſenen Schriften ſo unglücklich geweſen
69 948 1068 982 wie Boſſuet. Der erſte Herausgeber war ſein erbärmlicher Neffe,
71 990 1068 1024 und dieſer hatte zu Nachfolgern fanatiſche Mönche, welche ſich
72 1032 1067 1069 durch ihre Ausgabe den gerechten Tadel des franzöſiſchen Klerus
71 1077 1076 1111 zuzogen. Wie ſolche Herausgeber die hinterlaſſenen Schriften
62 1120 1077 1155 dieſes großen Mannes behandelt haben, das weiß man schon zum
69 1164 1077 1198 Theil und das wird man vollſtändig erfahren, wenn alle bei den
66 1206 1071 1240 verſchiedenen Ausgaben benutzten Manuſcripte von irgend einem
68 1248 1067 1285 gründlichen Kritiker unterſucht ſein werden.” Auch die Ausgabe
63 1291 1071 1326 von Verſailles 1815 ff. iſt von dieſen Mängeln nicht frei. In
72 1333 1074 1369 neuerer Zeit haben ſich mehrere franzöſiſche Gelehrte mit der Unter⸗
78 1377 1079 1413 ſuchung der Manuſcripte Boſſuets beſchäftigt; ausführlicher handeln
69 1419 1070 1456 davon die Löwener Revue catholique 1866, 299 und beſonders
69 1462 1065 1498 P. Marquigny in den Pariſer Etudes religieuses, Juni 1866.
69 1504 1080 1540 Letzterer erkennt an, daß der Text der neuen Ausgabe weſentlich
66 1548 1076 1584 beſſer ſei, als der der frühern, weist aber zugleich auch manche
71 1589 1083 1626 Mängel nach. In derſelben Zeitſchrift wird eine noch unvollen⸗
1143 170 2150 202 dete Geſchichte Boſſuets von A. Floquet¹) als eine auf ſehr
1140 213 1931 246 fleißigem Quellenſtudium beruhende Arbeit gerühmt.
1178 255 2136 289 — „Die drei ersten Evangelien synoptisch zusammen-
1133 298 2136 331 gestellt von Hermann Sevin, Stadtvicar in Durlach.” (Wies⸗
1133 343 2145 375 baden, Niedner 1866. IV u. 240 S. 8½ Thlr.) In dieſer
1149 387 2136 418 glänzend ausgeſtatteten Schrift ſind die Texte der drei erſten
1137 429 2136 460 Evangelien ſo abgedruckt, daß die Parallelſtellen neben einander
1128 472 2148 504 ſtehen. Nur dann hat der Herausgeber ſtatt des Paralleltextes
1134 516 2135 547 ſelbſt eine bloße Angabe der betreffenden Stelle beigefügt, wenn
1142 558 2141 591 durch jenes Verfahren der Zuſammenhang zerriſſen worden wäre.
1151 601 2138 634 Man hat alſo nicht Perikopen aus den Evangelien, ſondern dieſe
1146 645 2139 676 ſelbſt vor ſich, und doch iſt zugleich die erwünſchte Ueberſicht über
1133 687 2147 721 das Material der Synoptiker geboten. Die Texte ſind, wenige
1142 731 2141 763 S. III f. bemerkte Stellen ausgenommen, nach dem Cod. Sinait.
1134 774 2112 811 gegeben. L.
1142 822 2145 855 Die folgenden Nummern werden u. a. enthalten Artikel über:
1149 867 2078 901 Erdmann, Herder als Religionsphiloſoph, von C. Werner.
1143 903 1904 934 Evelt, die Bursfelder Congregation, von Ennen.
1134 939 2100 972 Gams⸗Wörner, Johann Adam Möhler, von Reithmayr.
1143 975 2141 1009 Lübke, Vorſchule 3. Studium der chriſtl. Kunſt, von F. X. Kraus.
1142 1014 2108 1045 Niedner, Handbuch der Kirchengeſchichte, von H. Hagemann.
1143 1051 1812 1081 Otte, Kunſtarchäologie, von F. X. Kraus.
1134 1086 1967 1117 Ulrici, Gott und der Menſch, von Katzenberger.
1142 1123 1908 1155 Weber, Kants Dualismus, von Katzenberger.
1172 1168 2150 1198 Correſpondenz der Redaction. — No. 16: Dankend erhal⸗
1140 1203 2085 1237 ten. — No. 40: desgl. — No. 66: desgl. — No. 76: desgl. —
1142 1240 2138 1273 No. 94: desgl. Die Notiz über Martigny brieflich erledigt. Pſeudo⸗
1143 1276 2135 1309 nym geht es nicht. Ueber Anderes ſchreibe ich. — No. 184: Dan⸗
1139 1314 2138 1345 kend erhalten. — Dr. F. B. in H.: desgl — Cm: Ich hatte Ihnen
1145 1351 2142 1383 ſchon nach B. geſchrieben. Die Notizen hoffe ich verwerthen zu
1140 1386 1239 1419 können.
1178 1446 2142 1477 1) Etudes sur la vie de Bossuet jusqu’à son entrée en fon-
1136 1482 2139 1513 ctions en qualité de précepteur du Dauphin (1627—1670). 3 vol.
1134 1518 2145 1549 8. Paris, F. Didot 1855. — Bossuet précepteur du Dauphin,
1145 1552 2144 1585 fils de Louis XIV,, et évêque à la cour (1670—1682). 1 vol.
1130 1588 1268 1621 ib. 1866.
891 1699 1319 1733 Anzeigen.
641 1754 1583 1792 Verlag der Fr. Hurter’ſchen Buchhandlung in Schaffhauſen.
920 1798 1842 1836 Von Dr. Fr. Lorinſer. Zweiter Band: Oſter⸗Cyklus.
56 1829 2138 1870 Katholiſche Predigten. fl. 3. 24. Rthlr. 2. —. L. 7. —.
164 1879 2139 1915 Eine Recenſion hierüber ſagt: „Ich muß es geſtehen, mir iſt noch kein Band von deutſchen Predigten unter die Hände gekommen,
60 1918 2147 1950 der mich ſo gefeſſelt und ſo befriedigt hätte. Die Schönheiten des katholiſchen Glaubens werden in dieſen Predigten ſo einfach, klar, zart
75 1954 2155 1987 und allſeitig erſchloſſen, daß ſich darüber ſtreiten ließe, was gelungener ſei, die Allſeitigkeit der Anſchauung oder die Freiheit der Ausführung.”
60 2001 2136 2059 Der römiſche Katechismus, herausgegeben auf Befehl der Kirchenverſammlung zu Trient, in Kanzelvorträgen, ver⸗
846 2037 2142 2070 theilt auf die Sonntage des Kirchenjahres und mit Zugrundelegung der ſonntäglichen
68 2072 2136 2109 Evangelien⸗Abſchnitte, gehalten von Fr. Küntzer. Zweiter Jahrgang. fl. 2. 24. Rthlr. 1. 12. L. 5. —.
62 2113 2144 2178 Handbücher für das prieſterliche Leben. Herausgegeben von J. Holzwarth. 14 Bdchn. Auch u. d. T.:
1187 2148 2145 2187 Rufe der Kirche aus allen Jahrhunderten an das Herz
56 2190 2057 2223 der Prieſter. 3. Bändchen. Rufe aus der Kirche der Väter über das Hirten⸗ und Predigtamt, über Gebet und Studium. I.
1547 2227 2133 2262 fl. 1. 12. Rthlr. — 22½. L. 2. 50.
167 2260 761 2299 Zu beziehen durch alle Buchhandlungen.
102 2324 1079 2361 Im Verlage von Friedr. Regensburg in Münſter iſt erſchienen
60 2369 672 2401 und in allen Buchhandlungen zu haben:
89 2434 1046 2473 Hermann II., Biſchof von Münſter (1174—1203)
534 2491 582 2527 und
78 2555 1052 2594 Bernhard II., Edelherr zur Lippe (1140—1224).
401 2617 749 2653 Zwei Lebensbilder
263 2672 870 2708 aus der älteren weſtfäliſchen Geſchichte
504 2722 624 2759 nach den
246 2783 903 2819 Quellen und Urkunden herausgegeben
372 2837 777 2875 von Dr. Ad. Hechelmann.
335 2902 801 2936 gr. 8⁰. geh. Preis: 15 Sgr.
1518 2326 1778 2369 Grundlage
1235 2396 2034 2435 des chriſtlichen Glaubens.
1463 2449 1824 2486 Von B. Neteler, Vicar.
1418 2494 1880 2533 kl. 8⁰. geh. Preis 7½ Sgr.
1488 2584 1811 2621 Die Anfänge
1625 2633 1655 2669 der
1169 2705 2136 2744 Bursfelder Benedictiner⸗Congregation
1308 2764 1965 2798 mit beſonderer Rückſicht auf Weſtfalen.
1482 2809 1806 2846 Von Dr. Jul. Evelt,
1151 2858 2126 2892 Prof. an der philoſophiſch⸗theologiſchen Lehranſtalt zu Paderborn.
1415 2902 1862 2938 gr. 8⁰. geh. Preis: 6 Sgr.
231 2961 1971 2998 Verantw. Redacteur Prof. Reuſch. — Verlag von A. Henry in Bonn. — Druck von Carl Georgi in Bonn.
