2202 3036
56 67 119 100 IV
852 72 1361 103 Theologiſches Literaturblatt.
728 172 1500 204 II. Verzeichniß der beſprochenen Schriften.
240 252 1971 288 Die ausführlich recenſirten Schriften ſind von den nur kurz angezeigten oder gelegentlich beſprochenen durch geſperrten Druck unterſchieden.
71 334 821 369 Actenſtücke bezügl. einer kath. Univerſität 291.
83 369 518 403 Aichinger, J. M. Sailer 9.
71 408 648 439 AIlies, The See of St. Peter 520.
87 438 825 475 — — Dr. Pusey and the ancient Church 520.
83 480 659 513 Alzog, Grundriß der Patrologie 796.
77 514 566 547 Arnaud, le Pentateuque 833.
84 552 884 585 Assembée gén. des catholiques en Belgique 399.
74 589 613 622 Bach, Studien und Leſefrüchte 431.
68 627 816 660 Barach, Zur Geſchichte des Nominalismus 685.
77 661 726 696 Barth, der Meiſter in der Volksſchule 860.
69 697 642 730 Bartolini. sopra l’anno LXVII. 789.
81 735 777 766 Baur, Vorleſungen über Dogmengeſchichte 377.
71 771 863 807 Becker, D, die Kirche und die Naturforſchung 22.
69 808 753 841 Becker, F., die Darſtellung Jeſu Chriſti 482.
68 843 519 876 — — das Spottcrucifix 482.
74 880 821 913 Beckers, die Unſterblichkeitslehre Schellings 813.
69 915 714 951 Beelen, Comment. in Acta Apost. 92.
68 952 630 987 Biasi, Introd. in S. Scripturam 3.
75 990 711 1021 Bickell, S. Ephraemi Carmina 564. 863.
71 1026 752 1057 Bisping, Exeg. Handb. zu den Evang. 697.
186 1062 789 1093 — — Exeg. Handb. zu den Briefen Pauli 183.
65 1098 876 1129 Bluntſchli, Altaſiatiſche Gottes⸗ und Weltideen 82.
71 1134 783 1167 Brady, Conversion of the irish bishops 830.
74 1171 440 1201 Bremiſches Jahrbuch 264.
68 1207 576 1242 Broglie, l’église et l’empire 54.
59 1245 497 1276 Bunſen, Bibelgeſchichte 61.
66 1281 653 1312 Burkhardt, Luthers Briefwechſel 673.
68 1317 875 1348 de Buſſy, die Empörer gegen Kirche u. Ordnung 630.
68 1353 758 1384 Buſſon, die Doppelwahl des J. 1257 692.
68 1389 579 1420 Buxtorfs chald. Lexicon 223. 863.
74 1425 683 1456 Caſſel, Buch der Richter u. Ruth 297.
78 1461 600 1492 Caſſian, das kath. Deutſchland 781.
69 1497 578 1527 Catechismus rom. ed. Manz 295.
69 1533 647 1567 Ceriani, Monumenta sacra 564. 600.
69 1569 555 1605 Champagny, Les Antonins 54.
69 1605 464 1639 Choral und Liturgie 654.
65 1641 557 1675 Concilium Trid. ed. Manz 295.
69 1678 612 1710 Cornelius, Moritz von Sachſen 566.
68 1714 720 1746 Daniel, Pélérinage en Terre Sainte 57.
60 1752 738 1783 Danko, Constitutiones Strigonienses 145.
59 1788 845 1819 Demetracopulus, Nicolaus Methonensis 351.
93 1824 623 1858 — — Bibliotheca ecelesiastica 771.
71 1861 996 1894 Deutinger, gegenw. Zuſtand der deutſchen Philoſ. 287. 367.
59 1897 591 1932 Dieringer, Laienkatechismus 384.
108 1930 359 1966 — — Dogmatik 87.
54 1971 660 2002 Dietlein, Evangeliſches Ave Maria 223.
68 2007 755 2041 DilImann, Chrestomathia aethiopica 173.
59 2043 569 2076 Dippel, Carolus Bovillus 659.
59 2079 781 2112 Döllinger, Denkrede auf de Ram etc. 502. 534.
59 2115 551 2148 Donin, das kath. Kirchenjahr 789.
68 2151 755 2182 Ducpetiaux, die Schule ohne den Prieſter 630.
69 2187 681 2220 Dümmler, Auxilius u. Bulgarius 569.
69 2221 570 2254 Dupanloup, De l’éducation 367.
59 2259 689 2292 Eberl, die Kirche u. die Aſſociation 848.
69 2293 314 2326 Ecce Homo 830.
65 2331 662 2367 Ennen, Geſchichte der Stadt Köln 343.
167 2367 660 2398 — — die Wahl des Königs Adolf 534.
69 2403 390 2437 Epp, Seelenkunde 184.
68 2439 782 2472 Erdmann, Herder als Religionsphiloſoph 780.
62 2476 639 2508 Erizzo, Evangeliarium Hieros. 564.
69 2511 491 2544 Erzbiſchofswahl in Köln 183.
59 2547 681 2581 Falk, Geſchichte des Kloſters Lorſch 473.
71 2583 659 2617 Fechner, Leben des Erzb. Wichmann 86.
63 2622 597 2653 Feldbauſch, das Leben Jeſu 537.
69 2656 525 2689 Field, Otium Norvicense 296.
59 2692 734 2725 Fiſcher, K., Geſch. der neuern Philoſ. 363.
68 2728 702 2763 Fiſcher, K. Ph., Franz von Baader 813.
62 2764 768 2797 Floquet, Etudes sur la vie de Bossuet 696.
71 2802 539 2835 Freiburger Diöceſan⸗Archiv 336.
65 2838 788 2871 Friedberg, das Recht der Eheſchließung 246.
65 2874 710 2907 Friedhoff, Specielle Moraltheologie 353.
59 2910 1025 2943 Gaugauf, des h. Aug. Lehre von Gott dem Dreieinigen 202.
59 2947 747 2980 Garrucci, Dissertazioni archeologiche 829.
1140 333 1614 369 Gaume, das Weihwaſſer 807.
1143 372 1875 408 Gfrörer, zur Geſch. deutſcher Volksrechte 528.
1145 408 1787 441 Giefers, das ungariſche Fluchformular 439.
1142 444 1821 477 Gil de meister, de Evangeliis arab. 406.
1151 481 1881 516 Gmelch, Unterrichtsfreiheit u. Schulzwang 859.
1145 516 1673 549 Gregorii Palamae Opera 313
1142 553 1877 586 Gregorovius, Geſchichte der Stadt Rom 390.
1142 588 1562 622 Guizot, Meditations 799.
1152 625 1629 658 Gury, Casus conscientiae 144.
1142 663 1673 696 Haffner, der Materialismus 459.
1139 699 1718 730 Hagemann, die römiſche Kirche 235.
1142 735 2170 771 Halm, Handſchriften lat Kirchenväter — Zu Lactantius — Zu Mi⸗
1211 771 1469 804 nucius Felix 566.
1142 808 1920 843 Haneberg, Ibn Sina u. Albertus M. 496. 685.
1145 843 1743 876 Harper, Peace through the truth 830.
1146 879 1824 915 Hasler, Verh. der heidn. u. chriſtl. Ethik 501.
1139 916 1737 949 Hauck, theolog. Jahresbericht 367. 790.
1145 951 1659 985 Hayd, Abailard u. ſeine Lehre 20.
1142 988 1824 1023 Hechelmann, Hermann II v. Münſter 470.
1142 1024 1835 1060 Hettinger, Apologie des Chriſtenthums 732.
1139 1059 1763 1096 HiIgenfeld, Barnabae Epistula 412.
1139 1095 1739 1129 Hipler, Johannes Marienwerder 840.
1142 1132 1817 1167 Hirſch, über Diptychen, Necrologien etc. 755.
1146 1167 1701 1201 Hirſchfeld, Religions⸗Statiſtik 740.
1139 1203 1679 1239 Histoire litéraire de la France 54.
1134 1242 1755 1278 Holtzmann, Bunſens Bibelgeſchichte 61.
1140 1279 1779 1312 Holzwarth, Abfall der Niederlande 250.
1140 1317 1524 1350 Hoppe, die Epikleſis 318.
1130 1351 1730 1384 Hövelmann, Bibliſche Geſchichte 453.
1137 1387 1673 1420 Huber, Prof. Stöckl in Münſter 20.
1136 1422 1623 1455 Huttler, Katholiſche Studien 629.
1131 1458 1800 1494 Huxley, Erſcheinungen der organ. Natur 52.
1130 1492 1595 1525 Jänſch, der Schulzwang 295.
1133 1527 1655 1561 Initia librorum patrum lat. 566.
1133 1564 1749 1599 Jocham, ſittl. Verpeſtung des Volks 632.
1139 1600 1793 1638 I(ſenburg, Prinz), neue Aera in Faden 53.
1146 1638 1830 1672 Jungmann, Schönheit u. ſchöne Kunſt 463.
1130 1674 1629 1708 Kaim, das Kirchenpatronat 388.
1136 1711 1932 1746 Kampſchulte, Proteſtantismus in Weſtphalen 238.
1128 1750 1458 1783 Kartner, Eherecht 684.
1127 1785 1605 1819 Kayſer, Barnabas⸗Brief 451.
1127 1818 1817 1855 Kellner, Hellenismus u. Chriſtenthum 269.
1127 1858 1866 1891 Kerſchbaumer, Lehrb. der kath. Paſtoral 159.
1136 1894 1547 1927 Kieſel, Weltgeſchichte 210.
1127 1929 1817 1963 Kleiſt⸗Retzow, der Adel u. die Kirche 396.
1139 1965 1697 1999 Kleutgen, Verfolgung der Kirche 360.
1127 2001 1715 2035 Klofutar, Comm. in Ev. Matth. 790.
1127 2037 1700 2071 Köhler, die nachexil. Propheten 441.
1131 2073 1803 2107 Körber, Irenaeus de gratia sanctif. 415.
1127 2110 1932 2143 Körber, Einheit u. Verſchiedenheit der Evang. 540.
1127 2145 1787 2179 Kremenz, Iſrael Vorbild der Kirche 185.
1128 2184 1818 2215 Krichel, de Ulr. Hutteni studiis polit. 335.
1133 2217 1746 2251 Krummel, böhmiſche Reformation 665.
1131 2254 1832 2289 Kumpfmüller, de Anastasio Sinaita 572.
1131 2289 1736 2326 K(üpper), Unfehlbarkeit des Papſtes 360.
1140 2326 1794 2362 Lämmer, Caelestis urbs Jerusalem 325.
1139 2362 1767 2397 — — Decreta concilii Ruthenorum 78.
1134 2400 1760 2434 — — Scriptores Graeciae orthod. 774.
1124 2436 1740 2470 Lamy, Introductio in s. script. 401.
1127 2472 1615 2508 Lange, J. P., Bibelwerk 297.
1140 2509 1709 2542 Langen, Letzte Lebenstage Jeſu 337.
1134 2544 1704 2578 Laurent, Neuteſtamentl. Studien 38.
1236 2580 1731 2613 — — Peregrinatores medii aevi 57.
1128 2611 1796 2650 De Blant, Inscriptions chrétiennes 606.
1133 2652 1865 2686 Lecky, Rise and influence of Rationalism 54.
1133 2685 1775 2722 Leitmeier, Apologie der chriſtl. Moral 501.
1133 2724 1817 2758 Lentzen, das kanoniſche Gerichtsverfahren 567.
1139 2760 1754 2794 Levy, Chaldäiſches Wörterbuch 223. 863.
1130 2796 1623 2830 Liber precum publicarum 281.
1127 2832 1631 2866 Loch, Vetus Test. graece 404.
1128 2869 2055 2905 (Lockhart), Review of Pusey’s Eirenicon 94. 523. 830.
1133 2907 1803 2941 Lorenz, Haydn, Mozart u. Beethoven 326.
1127 2944 1682 2977 Lukas, der Schulzwang 212. 859.
