<?xml version="1.0" encoding="UTF-8" standalone="yes"?>
<PcGts xmlns="http://schema.primaresearch.org/PAGE/gts/pagecontent/2013-07-15" xmlns:xsi="http://www.w3.org/2001/XMLSchema-instance" xsi:schemaLocation="http://schema.primaresearch.org/PAGE/gts/pagecontent/2013-07-15 http://schema.primaresearch.org/PAGE/gts/pagecontent/2013-07-15/pagecontent.xsd">
    <Metadata>
        <Creator>prov=University of Rostock/Institute of Mathematics/CITlab|PLANET AI GmbH/Gundram Leifert/gundram.leifert@planet-ai.de:name=Noscemus GM 3.0(htr_id=26395)::::v=2.6.7
prov=University of Rostock/Institute of Mathematics/CITlab|PLANET AI GmbH/Tobias Gruening/tobias.gruening@planet-ai.de:name=de.uros.citlab.module.baseline2polygon.B2PSeamMultiOriented:v=2.6.7
prov=University of Rostock/Institute of Mathematics/CITlab|PLANET AI GmbH/Tobias Gruening/tobias.gruening@planet-ai.de:name=/net_tf/LA73_249_0mod360.pb:de.uros.citlab.segmentation.CITlab_LA_ML:v=2.6.6
Transkribus</Creator>
        <Created>2020-11-23T14:11:26.538+01:00</Created>
        <LastChange>2021-05-11T10:06:58.395+02:00</LastChange>
        <TranskribusMetadata docId="543314" pageId="22811465" pageNr="25" tsid="57720052" status="GT" userId="68000" imgUrl="https://files.transkribus.eu/Get?id=MPITHGCSGEMMCOHABGXBKVFY&amp;fileType=view" xmlUrl="https://files.transkribus.eu/Get?id=BGQMYTUEIFCPVYMEDVRJTSHT" imageId="17787084"/>
    </Metadata>
    <Page imageFilename="thlblb_1866_00441.tif" imageWidth="2188" imageHeight="3156">
        <ReadingOrder>
            <OrderedGroup id="ro_1626327776181" caption="Regions reading order">
                <RegionRefIndexed index="0" regionRef="TextRegion_1619598650824_568"/>
                <RegionRefIndexed index="1" regionRef="TextRegion_1619598665499_577"/>
                <RegionRefIndexed index="2" regionRef="TextRegion_1619598665498_576"/>
                <RegionRefIndexed index="3" regionRef="TextRegion_1619598657291_572"/>
            </OrderedGroup>
        </ReadingOrder>
        <TextRegion orientation="0.0" id="TextRegion_1619598650824_568" custom="readingOrder {index:0;}">
            <Coords points="29,68 2129,68 2129,133 29,133"/>
            <TextLine id="r1l1" custom="readingOrder {index:0;}">
                <Coords points="59,101 87,101 115,103 144,103 144,70 115,70 87,68 59,68"/>
                <Baseline points="59,90 87,90 115,92 144,92"/>
                <TextEquiv>
                    <Unicode>863</Unicode>
                </TextEquiv>
            </TextLine>
            <TextLine id="line_1619598672986_581" custom="readingOrder {index:1;} textStyle {offset:9; length:28;fontSize:0.0; kerning:0; bold:true;}">
                <Coords points="618,73 1494,77 1572,79 1599,80 1599,113 719,110 643,107 618,106"/>
                <Baseline points="618,95 643,96 668,96 694,98 719,99 744,99 770,99 795,99 820,99 846,99 871,99 897,99 922,99 947,99 973,99 998,99 1023,99 1049,99 1074,99 1100,99 1128,98 1154,98 1180,99 1206,99 1232,99 1258,99 1285,99 1311,99 1337,99 1363,99 1389,99 1415,99 1442,99 1468,99 1494,99 1520,101 1546,101 1572,101 1599,102"/>
                <TextEquiv>
                    <Unicode>Nr. 26 — Theologiſches Literaturblatt — 1866.</Unicode>
                </TextEquiv>
            </TextLine>
            <TextLine id="r1l4" custom="readingOrder {index:2;}">
                <Coords points="2043,116 2070,116 2097,116 2124,116 2124,83 2097,83 2070,83 2043,83"/>
                <Baseline points="2043,105 2070,105 2097,105 2124,105"/>
                <TextEquiv>
                    <Unicode>864</Unicode>
                </TextEquiv>
            </TextLine>
            <TextEquiv>
                <Unicode>863
Nr. 26 — Theologiſches Literaturblatt — 1866.
864</Unicode>
            </TextEquiv>
        </TextRegion>
        <TextRegion orientation="0.0" id="TextRegion_1619598665499_577" custom="readingOrder {index:1;}">
            <Coords points="29,133 1098,133 1098,1657 29,1657"/>
            <TextLine id="r1l6" custom="readingOrder {index:0;}">
                <Coords points="299,241 324,241 349,241 374,241 399,242 424,242 449,242 474,242 499,242 524,242 550,242 575,242 600,242 625,242 650,242 675,244 700,244 725,244 750,245 775,245 801,247 801,214 775,212 750,212 725,211 700,211 675,211 650,209 625,209 600,209 575,209 550,209 524,209 499,209 474,209 449,209 424,209 399,209 374,208 349,208 324,208 299,208"/>
                <Baseline points="299,230 324,230 349,230 374,230 399,231 424,231 449,231 474,231 499,231 524,231 550,231 575,231 600,231 625,231 650,231 675,233 700,233 725,233 750,234 775,234 801,236"/>
                <TextEquiv>
                    <Unicode>Literariſche Notizen.</Unicode>
                </TextEquiv>
            </TextLine>
            <TextLine id="r1l9" custom="readingOrder {index:1;}">
                <Coords points="168,325 212,327 257,328 302,330 346,330 391,331 436,331 480,331 525,331 570,331 615,331 659,331 704,331 749,330 793,330 838,330 883,330 927,330 972,328 1017,328 1062,328 1062,298 1017,298 972,298 927,300 883,300 838,300 793,300 749,300 704,301 659,301 615,301 570,301 525,301 480,301 436,301 391,301 346,300 302,300 257,298 212,297 168,295"/>
                <Baseline points="168,315 212,317 257,318 302,320 346,320 391,321 436,321 480,321 525,321 570,321 615,321 659,321 704,321 749,320 793,320 838,320 883,320 927,320 972,318 1017,318 1062,318"/>
                <TextEquiv>
                    <Unicode>— Berichtigung. In Folge der in Nr. 24 d. Bl.</Unicode>
                </TextEquiv>
            </TextLine>
            <TextLine id="r1l11" custom="readingOrder {index:2;}">
                <Coords points="63,369 112,370 161,370 210,372 259,372 309,372 358,372 407,373 456,373 505,373 555,373 604,373 653,373 702,373 751,372 801,372 850,372 899,372 948,372 997,372 1069,371 1069,341 997,342 948,342 899,342 850,342 801,342 751,342 702,343 653,343 604,343 555,343 505,343 456,343 407,343 358,342 309,342 259,342 210,342 161,340 112,340 63,339"/>
                <Baseline points="63,359 112,360 161,360 210,362 259,362 309,362 358,362 407,363 456,363 505,363 555,363 604,363 653,363 702,363 751,362 801,362 850,362 899,362 948,362 997,362 1073,362"/>
                <TextEquiv>
                    <Unicode>[Sp. 788] ausgeſprochenen Rüge wird der in Wolfs Fortbil⸗</Unicode>
                </TextEquiv>
            </TextLine>
            <TextLine id="r1l13" custom="readingOrder {index:3;}">
                <Coords points="65,414 114,414 164,414 214,414 263,415 313,415 363,415 412,415 462,415 512,415 562,415 611,415 661,415 711,415 760,415 810,415 860,415 909,415 959,415 1009,414 1059,414 1059,384 1009,384 959,385 909,385 860,385 810,385 760,385 711,385 661,385 611,385 562,385 512,385 462,385 412,385 363,385 313,385 263,385 214,384 164,384 114,384 65,384"/>
                <Baseline points="65,404 114,404 164,404 214,404 263,405 313,405 363,405 412,405 462,405 512,405 562,405 611,405 661,405 711,405 760,405 810,405 860,405 909,405 959,405 1009,404 1059,404"/>
                <TextEquiv>
                    <Unicode>dungsſchule Jahrg. 1866, Bd. I, Heft 1 über Peſtalozzi’s Grund⸗</Unicode>
                </TextEquiv>
            </TextLine>
            <TextLine id="r1l15" custom="readingOrder {index:4;}">
                <Coords points="65,457 114,457 163,457 212,457 261,457 311,457 360,457 409,457 458,457 507,459 557,459 606,459 655,459 704,459 753,459 803,459 852,459 901,457 950,457 999,456 1049,454 1049,424 999,426 950,427 901,427 852,429 803,429 753,429 704,429 655,429 606,429 557,429 507,429 458,427 409,427 360,427 311,427 261,427 212,427 163,427 114,427 65,427"/>
                <Baseline points="65,447 114,447 163,447 212,447 261,447 311,447 360,447 409,447 458,447 507,449 557,449 606,449 655,449 704,449 753,449 803,449 852,449 901,447 950,447 999,446 1049,444"/>
                <TextEquiv>
                    <Unicode>ſätze S. 37 u. 38 enthaltene und durch ein ſinnſtörendes Druck⸗</Unicode>
                </TextEquiv>
            </TextLine>
            <TextLine id="r1l17" custom="readingOrder {index:5;}">
                <Coords points="65,498 114,498 164,499 214,499 263,499 313,500 363,501 412,501 462,501 512,502 562,502 611,502 661,502 711,502 760,502 810,502 860,502 909,502 959,501 1009,501 1059,499 1059,469 1009,471 959,471 909,472 860,472 810,472 760,472 711,472 661,472 611,472 562,472 512,472 462,471 412,471 363,471 313,470 263,469 214,469 164,469 114,468 65,468"/>
                <Baseline points="65,488 114,488 164,489 214,489 263,489 313,490 363,491 412,491 462,491 512,492 562,492 611,492 661,492 711,492 760,492 810,492 860,492 909,492 959,491 1009,491 1059,489"/>
                <TextEquiv>
                    <Unicode>verſehen entſtellte Paſſus dahin berichtigt, daß ſtatt „der Geiſt⸗</Unicode>
                </TextEquiv>
            </TextLine>
            <TextLine id="r1l19" custom="readingOrder {index:6;}">
                <Coords points="63,543 112,543 162,543 211,543 261,544 310,544 360,544 409,544 459,544 508,544 558,545 607,546 657,546 706,546 756,546 805,546 855,545 904,544 954,544 1003,544 1053,543 1053,513 1003,514 954,514 904,514 855,515 805,516 756,516 706,516 657,516 607,516 558,515 508,514 459,514 409,514 360,514 310,514 261,514 211,513 162,513 112,513 63,513"/>
                <Baseline points="63,533 112,533 162,533 211,533 261,534 310,534 360,534 409,534 459,534 508,534 558,535 607,536 657,536 706,536 756,536 805,536 855,535 904,534 954,534 1003,534 1053,533"/>
                <TextEquiv>
                    <Unicode>liche Lienhard” u. ſ. w., zu leſen iſt: „der Geiſtliche in</Unicode>
                </TextEquiv>
            </TextLine>
            <TextLine id="line_1619598677983_585" custom="readingOrder {index:7;}">
                <Coords points="59,556 281,555 987,555 1058,556 1058,586 707,588 252,589 186,588 59,586"/>
                <Baseline points="59,576 84,576 109,576 135,576 160,576 186,578 211,578 237,578 252,579 281,575 311,575 357,575 392,576 427,577 462,578 497,578 532,578 567,578 602,578 637,578 672,578 707,578 742,576 777,576 812,576 847,576 882,576 917,575 952,575 987,575 1022,576 1058,576"/>
                <TextEquiv>
                    <Unicode>Lienhard”. — Die Redaction der Fortbildungsſchule iſt von</Unicode>
                </TextEquiv>
            </TextLine>
            <TextLine id="r1l25" custom="readingOrder {index:8;}">
                <Coords points="66,628 115,628 164,629 213,630 262,630 311,630 360,630 409,630 458,630 507,630 556,630 605,630 654,630 703,630 752,630 801,630 850,630 899,630 948,630 997,630 1072,629 1072,599 997,600 948,600 899,600 850,600 801,600 752,600 703,600 654,600 605,600 556,600 507,600 458,600 409,600 360,600 311,600 262,600 213,600 164,599 115,598 66,598"/>
                <Baseline points="66,618 115,618 164,619 213,620 262,620 311,620 360,620 409,620 458,620 507,620 556,620 605,620 654,620 703,620 752,620 801,620 850,620 899,620 948,620 997,620 1067,620"/>
                <TextEquiv>
                    <Unicode>mir unter dem 20. Nov. l. J. erſucht worden, die Emendation</Unicode>
                </TextEquiv>
            </TextLine>
            <TextLine id="r1l27" custom="readingOrder {index:9;}">
                <Coords points="50,673 88,673 127,672 166,672 205,672 244,672 283,672 322,672 361,672 400,672 439,673 477,673 516,673 555,673 594,673 633,673 672,673 711,673 750,673 789,673 853,670 853,640 789,643 750,643 711,643 672,643 633,643 594,643 555,643 516,643 477,643 439,643 400,642 361,642 322,642 283,642 244,642 205,642 166,642 127,642 88,643 50,643"/>
                <Baseline points="50,663 88,663 127,662 166,662 205,662 244,662 283,662 322,662 361,662 400,662 439,663 477,663 516,663 555,663 594,663 633,663 672,663 711,663 750,663 789,663 853,663"/>
                <TextEquiv>
                    <Unicode>dieſes Druckfehlers im nächſten Hefte zu bewirken.</Unicode>
                </TextEquiv>
            </TextLine>
            <TextLine id="line_1619598684265_589" custom="readingOrder {index:10;}">
                <Coords points="147,684 765,683 927,686 954,687 981,689 981,720 224,717 172,715 147,714"/>
                <Baseline points="147,704 172,705 198,705 224,707 250,707 275,707 301,707 327,707 353,707 378,707 404,705 430,705 456,705 481,705 507,705 533,705 559,706 585,707 765,704 792,706 819,707 846,708 873,708 900,707 927,707 954,708 981,710"/>
                <TextEquiv>
                    <Unicode>Würzburg 24. Nov. 1866. Dr. Huller.</Unicode>
                </TextEquiv>
            </TextLine>
            <TextLine id="r1l35" custom="readingOrder {index:11;}">
                <Coords points="95,776 211,775 255,774 299,774 343,774 387,774 431,774 475,774 519,775 563,775 608,775 652,775 696,775 740,775 784,777 828,777 872,777 916,777 960,777 1004,778 1049,778 1049,748 1004,748 960,747 916,747 872,747 828,747 784,747 740,745 696,745 652,745 608,745 563,745 519,745 475,744 431,744 387,744 343,744 299,744 255,744 211,745 95,746"/>
                <Baseline points="103,770 211,765 255,764 299,764 343,764 387,764 431,764 475,764 519,765 563,765 608,765 652,765 696,765 740,765 784,767 828,767 872,767 916,767 960,767 1004,768 1049,768"/>
                <TextEquiv>
                    <Unicode>— Von der Sp. 565 beſprochenen Wiener Ausgabe der la⸗</Unicode>
                </TextEquiv>
            </TextLine>
            <TextLine id="r1l37" custom="readingOrder {index:12;}">
                <Coords points="63,822 112,820 162,819 211,819 261,819 311,817 360,817 410,817 460,819 509,819 559,819 609,819 658,819 708,820 758,820 807,820 857,820 907,820 956,820 1006,820 1056,820 1056,790 1006,790 956,790 907,790 857,790 807,790 758,790 708,790 658,789 609,789 559,789 509,789 460,789 410,787 360,787 311,787 261,789 211,789 162,789 112,790 63,792"/>
                <Baseline points="63,812 112,810 162,809 211,809 261,809 311,807 360,807 410,807 460,809 509,809 559,809 609,809 658,809 708,810 758,810 807,810 857,810 907,810 956,810 1006,810 1056,810"/>
                <TextEquiv>
                    <Unicode>teiniſchen Kirchenväter wird der erſte Band, Sulpicii</Unicode>
                </TextEquiv>
            </TextLine>
            <TextLine id="r1l39" custom="readingOrder {index:13;}">
                <Coords points="53,862 94,862 136,861 178,861 220,861 262,861 304,861 345,861 387,861 429,861 471,862 513,862 555,862 597,862 638,862 680,862 722,864 764,864 806,864 848,865 890,865 890,835 848,835 806,834 764,834 722,834 680,832 638,832 597,832 555,832 513,832 471,832 429,831 387,831 345,831 304,831 262,831 220,831 178,831 136,831 94,832 53,832"/>
                <Baseline points="53,852 94,852 136,851 178,851 220,851 262,851 304,851 345,851 387,851 429,851 471,852 513,852 555,852 597,852 638,852 680,852 722,854 764,854 806,854 848,855 890,855"/>
                <TextEquiv>
                    <Unicode>Severi Chronicon, rec. Halm, in kurzem erſcheinen.</Unicode>
                </TextEquiv>
            </TextLine>
            <TextLine id="r1l41" custom="readingOrder {index:14;}">
                <Coords points="173,913 217,913 261,912 305,912 350,912 394,912 438,912 483,912 527,913 571,913 616,913 660,913 704,914 748,915 793,915 837,915 881,915 926,915 970,915 1014,915 1059,915 1059,884 1014,884 970,884 926,884 881,884 837,884 793,884 748,884 704,883 660,882 616,882 571,882 527,882 483,881 438,881 394,881 350,881 305,881 261,881 217,882 173,882"/>
                <Baseline points="173,903 217,903 261,902 305,902 350,902 394,902 438,902 483,902 527,903 571,903 616,903 660,903 704,904 748,905 793,905 837,905 881,905 926,905 970,905 1014,905 1059,905"/>
                <TextEquiv>
                    <Unicode>— Von Levy’s Chaldäiſchem Wörterbuch (Sp. 223) iſt die</Unicode>
                </TextEquiv>
            </TextLine>
            <TextLine id="r1l43" custom="readingOrder {index:15;}">
                <Coords points="56,957 105,955 155,955 205,955 254,955 304,955 354,955 403,957 453,957 503,957 553,957 602,957 652,957 702,958 751,958 801,958 851,958 900,958 950,958 1000,957 1050,957 1050,926 1000,926 950,927 900,927 851,927 801,927 751,927 702,927 652,926 602,926 553,926 503,926 453,926 403,926 354,924 304,924 254,924 205,924 155,924 105,924 56,926"/>
                <Baseline points="56,947 105,945 155,945 205,945 254,945 304,945 354,945 403,947 453,947 503,947 553,947 602,947 652,947 702,948 751,948 801,948 851,948 900,948 950,948 1000,947 1050,947"/>
                <TextEquiv>
                    <Unicode>5. Lieferung erſchienen, welche den Schluß des erſten Bandes</Unicode>
                </TextEquiv>
            </TextLine>
            <TextLine id="r1l45" custom="readingOrder {index:16;}">
                <Coords points="59,1000 108,999 158,999 208,1000 258,1000 308,1000 358,1000 407,1000 457,1000 507,1000 557,1000 607,1000 657,1002 707,1002 756,1002 806,1002 856,1002 906,1002 956,1003 1006,1003 1056,1003 1056,973 1006,973 956,973 906,972 856,972 806,972 756,972 707,972 657,972 607,970 557,970 507,970 457,970 407,970 358,970 308,970 258,970 208,970 158,969 108,969 59,970"/>
                <Baseline points="59,990 108,989 158,989 208,990 258,990 308,990 358,990 407,990 457,990 507,990 557,990 607,990 657,992 707,992 756,992 806,992 856,992 906,992 956,993 1006,993 1056,993"/>
                <TextEquiv>
                    <Unicode>(א bis ל) mit Nachträgen von Prof. Fleiſcher und den Anfang</Unicode>
                </TextEquiv>
            </TextLine>
            <TextLine id="r1l47" custom="readingOrder {index:17;}">
                <Coords points="59,1042 108,1042 158,1042 207,1042 257,1042 307,1042 356,1044 406,1044 456,1044 505,1044 555,1044 605,1044 654,1044 704,1044 754,1044 803,1045 853,1045 903,1045 952,1045 1002,1045 1052,1045 1052,1015 1002,1015 952,1015 903,1015 853,1015 803,1015 754,1014 704,1014 654,1014 605,1014 555,1014 505,1014 456,1014 406,1014 356,1014 307,1012 257,1012 207,1012 158,1012 108,1012 59,1012"/>
                <Baseline points="59,1032 108,1032 158,1032 207,1032 257,1032 307,1032 356,1034 406,1034 456,1034 505,1034 555,1034 605,1034 654,1034 704,1034 754,1034 803,1035 853,1035 903,1035 952,1035 1002,1035 1052,1035"/>
                <TextEquiv>
                    <Unicode>des zweiten enthält. Manche beachtenswerthe Berichtigungen</Unicode>
                </TextEquiv>
            </TextLine>
            <TextLine id="r1l49" custom="readingOrder {index:18;}">
                <Coords points="59,1087 108,1087 158,1086 207,1086 257,1086 307,1086 356,1086 406,1086 456,1086 505,1086 555,1086 605,1087 654,1087 704,1087 754,1087 803,1087 853,1087 903,1087 952,1087 1002,1086 1052,1086 1052,1056 1002,1056 952,1057 903,1057 853,1057 803,1057 754,1057 704,1057 654,1057 605,1057 555,1056 505,1056 456,1056 406,1056 356,1056 307,1056 257,1056 207,1056 158,1056 108,1057 59,1057"/>
                <Baseline points="59,1077 108,1077 158,1076 207,1076 257,1076 307,1076 356,1076 406,1076 456,1076 505,1076 555,1076 605,1077 654,1077 704,1077 754,1077 803,1077 853,1077 903,1077 952,1077 1002,1076 1052,1076"/>
                <TextEquiv>
                    <Unicode>geben Zarncke’s Lit. Centralblatt 1866, Sp. 565. 971.</Unicode>
                </TextEquiv>
            </TextLine>
            <TextLine id="line_1619598696771_599" custom="readingOrder {index:19;}">
                <Coords points="51,1098 892,1096 983,1099 1061,1102 1061,1132 89,1129 51,1128"/>
                <Baseline points="51,1118 89,1119 128,1119 167,1119 205,1118 244,1118 283,1118 321,1118 360,1118 399,1118 438,1118 476,1118 515,1118 554,1118 592,1119 631,1119 670,1119 708,1119 747,1121 786,1121 825,1121 842,1121 867,1120 892,1117 917,1118 932,1119 957,1119 983,1119 1009,1120 1035,1121 1061,1122"/>
                <TextEquiv>
                    <Unicode>und Frankels Monatsſchrift 1866, S. 73. 148. — Von der</Unicode>
                </TextEquiv>
            </TextLine>
            <TextLine id="r1l55" custom="readingOrder {index:20;}">
                <Coords points="60,1171 112,1171 165,1171 217,1170 270,1170 322,1170 375,1171 428,1171 480,1171 533,1171 585,1173 638,1173 690,1173 743,1173 796,1173 848,1174 901,1174 953,1174 1006,1173 1059,1173 1059,1143 1006,1143 953,1144 901,1144 848,1144 796,1143 743,1143 690,1143 638,1143 585,1143 533,1141 480,1141 428,1141 375,1141 322,1140 270,1140 217,1140 165,1141 112,1141 60,1141"/>
                <Baseline points="60,1161 112,1161 165,1161 217,1160 270,1160 322,1160 375,1161 428,1161 480,1161 533,1161 585,1163 638,1163 690,1163 743,1163 796,1163 848,1164 901,1164 953,1164 1006,1163 1059,1163"/>
                <TextEquiv>
                    <Unicode>neuen Ausgabe des Buxtorf’ſchen Lexikons (Sp. 223) iſt erſt</Unicode>
                </TextEquiv>
            </TextLine>
            <TextLine id="r1l57" custom="readingOrder {index:21;}">
                <Coords points="45,1216 95,1216 145,1216 196,1216 246,1216 297,1216 347,1216 397,1216 448,1216 498,1216 549,1216 599,1216 649,1216 700,1216 750,1216 801,1216 851,1216 901,1216 952,1216 1002,1216 1053,1216 1053,1185 1002,1185 952,1185 901,1185 851,1185 801,1185 750,1185 700,1185 649,1185 599,1185 549,1185 498,1185 448,1185 397,1185 347,1185 297,1185 246,1185 196,1185 145,1185 95,1185 45,1185"/>
                <Baseline points="45,1206 95,1206 145,1206 196,1206 246,1206 297,1206 347,1206 397,1206 448,1206 498,1206 549,1206 599,1206 649,1206 700,1206 750,1206 801,1206 851,1206 901,1206 952,1206 1002,1206 1053,1206"/>
                <TextEquiv>
                    <Unicode>die dritte Lieferung erſchienen, und zwar unter dem Namen des</Unicode>
                </TextEquiv>
            </TextLine>
            <TextLine id="r1l59" custom="readingOrder {index:22;}">
                <Coords points="59,1258 108,1258 158,1258 208,1258 257,1258 307,1258 357,1258 406,1258 456,1258 506,1258 556,1260 605,1260 655,1260 705,1260 754,1260 804,1260 854,1260 903,1260 953,1260 1003,1261 1053,1260 1053,1230 1003,1231 953,1230 903,1230 854,1230 804,1230 754,1230 705,1230 655,1230 605,1230 556,1230 506,1228 456,1228 406,1228 357,1228 307,1228 257,1228 208,1228 158,1228 108,1228 59,1228"/>
                <Baseline points="59,1248 108,1248 158,1248 208,1248 257,1248 307,1248 357,1248 406,1248 456,1248 506,1248 556,1250 605,1250 655,1250 705,1250 754,1250 804,1250 854,1250 903,1250 953,1250 1003,1251 1053,1250"/>
                <TextEquiv>
                    <Unicode>jüdiſchen Herausgebers Fiſcher allein; der chriſtliche Herausgeber,</Unicode>
                </TextEquiv>
            </TextLine>
            <TextLine id="r1l61" custom="readingOrder {index:23;}">
                <Coords points="48,1300 97,1300 147,1300 197,1300 247,1300 297,1300 346,1300 396,1300 446,1301 496,1302 546,1302 595,1302 645,1302 695,1302 745,1302 795,1302 844,1302 894,1302 944,1302 994,1303 1044,1303 1044,1272 994,1272 944,1271 894,1271 844,1271 795,1271 745,1271 695,1271 645,1271 595,1271 546,1271 496,1271 446,1270 396,1269 346,1269 297,1269 247,1269 197,1269 147,1269 97,1269 48,1269"/>
                <Baseline points="48,1290 97,1290 147,1290 197,1290 247,1290 297,1290 346,1290 396,1290 446,1291 496,1292 546,1292 595,1292 645,1292 695,1292 745,1292 795,1292 844,1292 894,1292 944,1292 994,1293 1044,1293"/>
                <TextEquiv>
                    <Unicode>Gelbe, iſt zurückgetreten. Das Werk wird ſehr ungünſtig be⸗</Unicode>
                </TextEquiv>
            </TextLine>
            <TextLine id="r1l63" custom="readingOrder {index:24;}">
                <Coords points="56,1344 106,1344 156,1344 206,1344 257,1344 307,1344 357,1344 408,1344 458,1344 508,1344 559,1344 609,1344 659,1344 709,1344 760,1344 810,1344 860,1345 911,1345 961,1345 1011,1345 1062,1345 1062,1315 1011,1315 961,1315 911,1315 860,1315 810,1314 760,1314 709,1314 659,1314 609,1314 559,1314 508,1314 458,1314 408,1314 357,1314 307,1314 257,1314 206,1314 156,1314 106,1314 56,1314"/>
                <Baseline points="56,1334 106,1334 156,1334 206,1334 257,1334 307,1334 357,1334 408,1334 458,1334 508,1334 559,1334 609,1334 659,1334 709,1334 760,1334 810,1334 860,1335 911,1335 961,1335 1011,1335 1062,1335"/>
                <TextEquiv>
                    <Unicode>urtheilt in Zarncke’s Lit. Centralbl. 1866, Sp. 619 und in</Unicode>
                </TextEquiv>
            </TextLine>
            <TextLine id="line_1619598700855_603" custom="readingOrder {index:25;}">
                <Coords points="56,1356 983,1356 1035,1358 1061,1360 1061,1390 56,1386"/>
                <Baseline points="56,1376 94,1376 132,1376 170,1376 209,1376 247,1376 285,1376 323,1376 362,1376 400,1376 438,1376 476,1376 515,1376 553,1376 591,1376 629,1376 668,1377 706,1377 744,1377 782,1377 821,1377 855,1376 880,1377 906,1377 932,1377 958,1377 983,1376 1009,1377 1035,1378 1061,1380"/>
                <TextEquiv>
                    <Unicode>Frankels Monatsſchrift 1866, S. 190. 233. — Ueber die von</Unicode>
                </TextEquiv>
            </TextLine>
            <TextLine id="r1l67" custom="readingOrder {index:26;}">
                <Coords points="60,1429 112,1429 165,1429 217,1429 270,1429 322,1429 375,1429 428,1429 480,1429 533,1431 585,1431 638,1431 690,1431 743,1431 796,1432 848,1432 901,1432 953,1431 1006,1431 1059,1431 1059,1401 1006,1401 953,1401 901,1402 848,1402 796,1402 743,1401 690,1401 638,1401 585,1401 533,1401 480,1399 428,1399 375,1399 322,1399 270,1399 217,1399 165,1399 112,1399 60,1399"/>
                <Baseline points="60,1419 112,1419 165,1419 217,1419 270,1419 322,1419 375,1419 428,1419 480,1419 533,1421 585,1421 638,1421 690,1421 743,1421 796,1422 848,1422 901,1422 953,1421 1006,1421 1059,1421"/>
                <TextEquiv>
                    <Unicode>Wright und Phillips herausgegebenen Syriaca (Sp. 563) han⸗</Unicode>
                </TextEquiv>
            </TextLine>
            <TextLine id="r1l72" custom="readingOrder {index:27;}">
                <Coords points="53,1473 105,1473 158,1473 210,1473 263,1472 315,1473 368,1473 421,1473 473,1473 526,1473 578,1473 631,1474 683,1474 736,1474 789,1474 841,1474 894,1474 946,1474 999,1473 1052,1473 1052,1443 999,1443 946,1444 894,1444 841,1444 789,1444 736,1444 683,1444 631,1444 578,1443 526,1443 473,1443 421,1443 368,1443 315,1443 263,1442 210,1443 158,1443 105,1443 53,1443"/>
                <Baseline points="53,1463 105,1463 158,1463 210,1463 263,1462 315,1463 368,1463 421,1463 473,1463 526,1463 578,1463 631,1464 683,1464 736,1464 789,1464 841,1464 894,1464 946,1464 999,1463 1052,1463"/>
                <TextEquiv>
                    <Unicode>deln ausführlich Geiger in der Ztf. der D. M. G. 1866, 460</Unicode>
                </TextEquiv>
            </TextLine>
            <TextLine id="r1l74" custom="readingOrder {index:28;}">
                <Coords points="54,1515 104,1516 154,1516 204,1516 255,1516 305,1516 355,1516 405,1516 456,1516 506,1516 556,1515 606,1515 657,1515 707,1515 757,1515 807,1515 858,1515 908,1516 958,1516 1008,1516 1059,1516 1059,1486 1008,1486 958,1486 908,1486 858,1485 807,1485 757,1485 707,1485 657,1485 606,1485 556,1485 506,1486 456,1486 405,1486 355,1486 305,1486 255,1486 204,1486 154,1486 104,1486 54,1485"/>
                <Baseline points="54,1505 104,1506 154,1506 204,1506 255,1506 305,1506 355,1506 405,1506 456,1506 506,1506 556,1505 606,1505 657,1505 707,1505 757,1505 807,1505 858,1505 908,1506 958,1506 1008,1506 1059,1506"/>
                <TextEquiv>
                    <Unicode>und Bickell in der Tüb. Quartalſchr. 1866, 465, über die von</Unicode>
                </TextEquiv>
            </TextLine>
            <TextLine id="r1l76" custom="readingOrder {index:29;}">
                <Coords points="62,1558 111,1558 160,1558 210,1558 259,1558 309,1558 358,1558 407,1558 457,1558 506,1558 556,1557 605,1557 654,1557 704,1557 753,1557 803,1557 852,1558 901,1558 951,1558 1000,1560 1050,1560 1050,1530 1000,1530 951,1528 901,1528 852,1528 803,1527 753,1527 704,1527 654,1527 605,1527 556,1527 506,1528 457,1528 407,1528 358,1528 309,1528 259,1528 210,1528 160,1528 111,1528 62,1528"/>
                <Baseline points="62,1548 111,1548 160,1548 210,1548 259,1548 309,1548 358,1548 407,1548 457,1548 506,1548 556,1547 605,1547 654,1547 704,1547 753,1547 803,1547 852,1548 901,1548 951,1548 1000,1550 1050,1550"/>
                <TextEquiv>
                    <Unicode>Bickell und Overbeck edirten Schriften von Ephräm (Sp. 564),</Unicode>
                </TextEquiv>
            </TextLine>
            <TextLine id="r1l78" custom="readingOrder {index:30;}">
                <Coords points="56,1603 105,1603 155,1603 204,1603 254,1603 303,1602 353,1602 402,1602 452,1602 501,1600 551,1600 600,1600 650,1600 699,1600 749,1600 798,1600 848,1600 897,1601 947,1602 996,1603 1046,1603 1046,1573 996,1573 947,1572 897,1571 848,1570 798,1570 749,1570 699,1570 650,1570 600,1570 551,1570 501,1570 452,1572 402,1572 353,1572 303,1572 254,1573 204,1573 155,1573 105,1573 56,1573"/>
                <Baseline points="56,1593 105,1593 155,1593 204,1593 254,1593 303,1592 353,1592 402,1592 452,1592 501,1590 551,1590 600,1590 650,1590 699,1590 749,1590 798,1590 848,1590 897,1591 947,1592 996,1593 1046,1593"/>
                <TextEquiv>
                    <Unicode>Zarncke’s Lit. Centralbl. 1866, 992. 1018. Eine Beſprechung</Unicode>
                </TextEquiv>
            </TextLine>
            <TextEquiv>
                <Unicode>Literariſche Notizen.
— Berichtigung. In Folge der in Nr. 24 d. Bl.
[Sp. 788] ausgeſprochenen Rüge wird der in Wolfs Fortbil⸗
dungsſchule Jahrg. 1866, Bd. I, Heft 1 über Peſtalozzi’s Grund⸗
ſätze S. 37 u. 38 enthaltene und durch ein ſinnſtörendes Druck⸗
verſehen entſtellte Paſſus dahin berichtigt, daß ſtatt „der Geiſt⸗
liche Lienhard” u. ſ. w., zu leſen iſt: „der Geiſtliche in
Lienhard”. — Die Redaction der Fortbildungsſchule iſt von
mir unter dem 20. Nov. l. J. erſucht worden, die Emendation
dieſes Druckfehlers im nächſten Hefte zu bewirken.
Würzburg 24. Nov. 1866. Dr. Huller.
— Von der Sp. 565 beſprochenen Wiener Ausgabe der la⸗
teiniſchen Kirchenväter wird der erſte Band, Sulpicii
Severi Chronicon, rec. Halm, in kurzem erſcheinen.
— Von Levy’s Chaldäiſchem Wörterbuch (Sp. 223) iſt die
5. Lieferung erſchienen, welche den Schluß des erſten Bandes
(א bis ל) mit Nachträgen von Prof. Fleiſcher und den Anfang
des zweiten enthält. Manche beachtenswerthe Berichtigungen
geben Zarncke’s Lit. Centralblatt 1866, Sp. 565. 971.
und Frankels Monatsſchrift 1866, S. 73. 148. — Von der
neuen Ausgabe des Buxtorf’ſchen Lexikons (Sp. 223) iſt erſt
die dritte Lieferung erſchienen, und zwar unter dem Namen des
jüdiſchen Herausgebers Fiſcher allein; der chriſtliche Herausgeber,
Gelbe, iſt zurückgetreten. Das Werk wird ſehr ungünſtig be⸗
urtheilt in Zarncke’s Lit. Centralbl. 1866, Sp. 619 und in
Frankels Monatsſchrift 1866, S. 190. 233. — Ueber die von
Wright und Phillips herausgegebenen Syriaca (Sp. 563) han⸗
deln ausführlich Geiger in der Ztf. der D. M. G. 1866, 460
und Bickell in der Tüb. Quartalſchr. 1866, 465, über die von
Bickell und Overbeck edirten Schriften von Ephräm (Sp. 564),
Zarncke’s Lit. Centralbl. 1866, 992. 1018. Eine Beſprechung</Unicode>
            </TextEquiv>
        </TextRegion>
        <TextRegion orientation="0.0" id="TextRegion_1619598665498_576" custom="readingOrder {index:2;}">
            <Coords points="1098,133 2129,133 2129,1657 1098,1657"/>
            <TextLine id="r1l5" custom="readingOrder {index:0;}">
                <Coords points="1119,204 1168,205 1218,205 1268,205 1318,207 1367,207 1417,208 1467,208 1517,209 1566,210 1616,210 1666,211 1716,211 1765,211 1815,213 1865,213 1915,213 1964,213 2014,214 2064,214 2114,214 2114,184 2064,184 2014,184 1964,183 1915,183 1865,183 1815,183 1765,181 1716,181 1666,181 1616,180 1566,180 1517,179 1467,178 1417,178 1367,177 1318,177 1268,175 1218,175 1168,175 1119,174"/>
                <Baseline points="1119,194 1168,195 1218,195 1268,195 1318,197 1367,197 1417,198 1467,198 1517,199 1566,200 1616,200 1666,201 1716,201 1765,201 1815,203 1865,203 1915,203 1964,203 2014,204 2064,204 2114,204"/>
                <TextEquiv>
                    <Unicode>derſelben von P. Zingerle bringen wir in einer der nächſten</Unicode>
                </TextEquiv>
            </TextLine>
            <TextLine id="r1l7" custom="readingOrder {index:1;}">
                <Coords points="1118,247 1145,249 1172,247 1199,247 1226,247 1253,249 1280,253 1280,223 1253,219 1226,217 1199,217 1172,217 1145,219 1118,217"/>
                <Baseline points="1118,237 1145,239 1172,237 1199,237 1226,237 1253,239 1280,243"/>
                <TextEquiv>
                    <Unicode>Nummern.</Unicode>
                </TextEquiv>
            </TextLine>
            <TextLine id="r1l8" custom="readingOrder {index:2;}">
                <Coords points="1147,291 1274,292 1321,292 1368,294 1416,294 1463,294 1510,295 1558,295 1605,296 1652,297 1700,297 1747,297 1794,297 1842,298 1889,298 1936,298 1984,298 2031,298 2078,298 2126,298 2126,268 2078,268 2031,268 1984,268 1936,268 1889,268 1842,268 1794,267 1747,267 1700,267 1652,267 1605,266 1558,265 1510,265 1463,264 1416,264 1368,264 1321,262 1274,262 1147,261"/>
                <Baseline points="1153,280 1274,282 1321,282 1368,284 1416,284 1463,284 1510,285 1558,285 1605,286 1652,287 1700,287 1747,287 1794,287 1842,288 1889,288 1936,288 1984,288 2031,288 2078,288 2126,288"/>
                <TextEquiv>
                    <Unicode>— „Eine literariſche Haſenjagd oder Methode, wie ein</Unicode>
                </TextEquiv>
            </TextLine>
            <TextLine id="r1l10" custom="readingOrder {index:3;}">
                <Coords points="1125,334 1177,334 1230,336 1282,336 1335,336 1387,336 1440,336 1493,337 1545,337 1598,337 1650,337 1703,339 1755,339 1808,340 1861,340 1913,340 1966,342 2018,342 2071,343 2124,343 2124,313 2071,313 2018,312 1966,312 1913,310 1861,310 1808,310 1755,309 1703,309 1650,307 1598,307 1545,307 1493,307 1440,306 1387,306 1335,306 1282,306 1230,306 1177,304 1125,304"/>
                <Baseline points="1125,324 1177,324 1230,326 1282,326 1335,326 1387,326 1440,326 1493,327 1545,327 1598,327 1650,327 1703,329 1755,329 1808,330 1861,330 1913,330 1966,332 2018,332 2071,333 2124,333"/>
                <TextEquiv>
                    <Unicode>gewiſſenhafter Polemiker wider die katholiſche Kirche Heiligenbilder</Unicode>
                </TextEquiv>
            </TextLine>
            <TextLine id="r1l12" custom="readingOrder {index:4;}">
                <Coords points="1128,376 1177,376 1226,376 1275,378 1324,378 1373,378 1422,378 1472,379 1521,379 1570,381 1619,381 1668,382 1717,382 1766,382 1816,384 1865,384 1914,384 1963,384 2012,385 2061,385 2111,385 2111,355 2061,355 2012,355 1963,354 1914,354 1865,354 1816,354 1766,352 1717,352 1668,352 1619,351 1570,351 1521,349 1472,349 1422,348 1373,348 1324,348 1275,348 1226,346 1177,346 1128,346"/>
                <Baseline points="1128,366 1177,366 1226,366 1275,368 1324,368 1373,368 1422,368 1472,369 1521,369 1570,371 1619,371 1668,372 1717,372 1766,372 1816,374 1865,374 1914,374 1963,374 2012,375 2061,375 2111,375"/>
                <TextEquiv>
                    <Unicode>zurecht macht, verrathen durch Ludwig Clarus” (Paderborn,</Unicode>
                </TextEquiv>
            </TextLine>
            <TextLine id="r1l14" custom="readingOrder {index:5;}">
                <Coords points="1127,418 1176,418 1226,420 1275,420 1325,420 1374,421 1424,421 1473,421 1523,423 1572,423 1622,424 1672,424 1721,424 1771,426 1820,426 1870,426 1919,427 1969,427 2018,427 2068,429 2118,429 2118,399 2068,399 2018,397 1969,397 1919,397 1870,396 1820,396 1771,396 1721,394 1672,394 1622,394 1572,393 1523,393 1473,391 1424,391 1374,391 1325,390 1275,390 1226,390 1176,388 1127,388"/>
                <Baseline points="1127,408 1176,408 1226,410 1275,410 1325,410 1374,411 1424,411 1473,411 1523,413 1572,413 1622,414 1672,414 1721,414 1771,416 1820,416 1870,416 1919,417 1969,417 2018,417 2068,419 2118,419"/>
                <TextEquiv>
                    <Unicode>Junfermann 1866. 124 S. kl. 8. 10 Sgr.) iſt eine Kritik des</Unicode>
                </TextEquiv>
            </TextLine>
            <TextLine id="r1l16" custom="readingOrder {index:6;}">
                <Coords points="1121,460 1171,460 1221,462 1271,462 1321,463 1371,463 1421,465 1471,465 1521,465 1571,466 1621,466 1671,468 1721,468 1771,468 1821,469 1871,469 1921,471 1971,471 2021,471 2071,471 2121,472 2121,442 2071,441 2021,441 1971,441 1921,441 1871,439 1821,439 1771,438 1721,438 1671,438 1621,436 1571,436 1521,435 1471,435 1421,435 1371,433 1321,433 1271,432 1221,432 1171,430 1121,430"/>
                <Baseline points="1121,450 1171,450 1221,452 1271,452 1321,453 1371,453 1421,455 1471,455 1521,455 1571,456 1621,456 1671,458 1721,458 1771,458 1821,459 1871,459 1921,461 1971,461 2021,461 2071,461 2121,462"/>
                <TextEquiv>
                    <Unicode>ſchon 1856 erſchienenen Schriftchens „Franz von Aſſiſi, ein</Unicode>
                </TextEquiv>
            </TextLine>
            <TextLine id="r1l18" custom="readingOrder {index:7;}">
                <Coords points="1127,502 1176,502 1225,503 1275,504 1324,504 1374,505 1423,506 1472,507 1522,508 1571,508 1621,510 1670,510 1719,511 1769,511 1818,512 1868,513 1917,513 1966,513 2016,513 2065,513 2115,513 2115,483 2065,483 2016,483 1966,483 1917,483 1868,483 1818,482 1769,481 1719,481 1670,480 1621,480 1571,478 1522,478 1472,477 1423,476 1374,475 1324,474 1275,474 1225,473 1176,472 1127,472"/>
                <Baseline points="1127,492 1176,492 1225,493 1275,494 1324,494 1374,495 1423,496 1472,497 1522,498 1571,498 1621,500 1670,500 1719,501 1769,501 1818,502 1868,503 1917,503 1966,503 2016,503 2065,503 2115,503"/>
                <TextEquiv>
                    <Unicode>Heiligenbild von Karl Haſe.” Haſe’s „Handbuch der Pole⸗</Unicode>
                </TextEquiv>
            </TextLine>
            <TextLine id="r1l20" custom="readingOrder {index:8;}">
                <Coords points="1118,547 1168,547 1218,546 1268,546 1319,546 1369,547 1419,547 1470,549 1520,549 1570,550 1621,551 1671,552 1721,553 1771,553 1822,555 1872,555 1922,556 1973,556 2023,556 2073,555 2124,555 2124,525 2073,525 2023,526 1973,526 1922,526 1872,525 1822,525 1771,523 1721,523 1671,522 1621,521 1570,520 1520,519 1470,519 1419,517 1369,517 1319,516 1268,516 1218,516 1168,517 1118,517"/>
                <Baseline points="1118,537 1168,537 1218,536 1268,536 1319,536 1369,537 1419,537 1470,539 1520,539 1570,540 1621,541 1671,542 1721,543 1771,543 1822,545 1872,545 1922,546 1973,546 2023,546 2073,545 2124,545"/>
                <TextEquiv>
                    <Unicode>mik” iſt mit Veranlaſſung dazu geweſen, daß Clarus das ältere</Unicode>
                </TextEquiv>
            </TextLine>
            <TextLine id="r1l24" custom="readingOrder {index:9;}">
                <Coords points="1128,591 1177,591 1227,591 1276,591 1326,591 1375,591 1425,591 1474,592 1524,592 1573,594 1623,594 1672,595 1722,595 1771,597 1821,597 1870,598 1920,598 1969,600 2019,600 2068,600 2118,600 2118,570 2068,570 2019,570 1969,570 1920,568 1870,568 1821,567 1771,567 1722,565 1672,565 1623,564 1573,564 1524,562 1474,562 1425,561 1375,561 1326,561 1276,561 1227,561 1177,561 1128,561"/>
                <Baseline points="1128,581 1177,581 1227,581 1276,581 1326,581 1375,581 1425,581 1474,582 1524,582 1573,584 1623,584 1672,585 1722,585 1771,587 1821,587 1870,588 1920,588 1969,590 2019,590 2068,590 2118,590"/>
                <TextEquiv>
                    <Unicode>Schriftchen — nebenbei auch die „Polemik” — kritiſirt. Die Kritik</Unicode>
                </TextEquiv>
            </TextLine>
            <TextLine id="r1l26" custom="readingOrder {index:10;}">
                <Coords points="1127,634 1176,634 1225,634 1274,634 1323,634 1373,634 1422,636 1471,636 1520,636 1569,637 1619,637 1668,639 1717,639 1766,640 1815,640 1865,641 1914,642 1963,642 2012,642 2061,643 2111,643 2111,613 2061,613 2012,612 1963,612 1914,612 1865,611 1815,610 1766,610 1717,609 1668,609 1619,607 1569,607 1520,606 1471,606 1422,606 1373,604 1323,604 1274,604 1225,604 1176,604 1127,604"/>
                <Baseline points="1127,624 1176,624 1225,624 1274,624 1323,624 1373,624 1422,626 1471,626 1520,626 1569,627 1619,627 1668,629 1717,629 1766,630 1815,630 1865,631 1914,632 1963,632 2012,632 2061,633 2111,633"/>
                <TextEquiv>
                    <Unicode>war urſprünglich beſtimmt, als Anhang zu der von Clarus</Unicode>
                </TextEquiv>
            </TextLine>
            <TextLine id="r1l28" custom="readingOrder {index:11;}">
                <Coords points="1112,678 1162,678 1212,678 1262,678 1312,678 1362,678 1412,678 1462,679 1512,679 1562,679 1613,679 1663,680 1713,681 1763,681 1813,682 1863,682 1913,684 1963,685 2013,685 2063,687 2114,688 2114,658 2063,657 2013,655 1963,655 1913,654 1863,652 1813,652 1763,651 1713,651 1663,650 1613,649 1562,649 1512,649 1462,649 1412,648 1362,648 1312,648 1262,648 1212,648 1162,648 1112,648"/>
                <Baseline points="1112,668 1162,668 1212,668 1262,668 1312,668 1362,668 1412,668 1462,669 1512,669 1562,669 1613,669 1663,670 1713,671 1763,671 1813,672 1863,672 1913,674 1963,675 2013,675 2063,677 2114,678"/>
                <TextEquiv>
                    <Unicode>überſetzten Geſchichte des h. Franz von Dauxignac gedruckt zu</Unicode>
                </TextEquiv>
            </TextLine>
            <TextLine id="r1l32" custom="readingOrder {index:12;}">
                <Coords points="1121,720 1171,721 1221,721 1271,721 1322,722 1372,723 1422,723 1472,723 1523,723 1573,723 1623,723 1673,723 1724,723 1774,723 1824,724 1874,724 1925,724 1975,726 2025,727 2075,729 2126,730 2126,700 2075,699 2025,697 1975,696 1925,694 1874,694 1824,694 1774,693 1724,693 1673,693 1623,693 1573,693 1523,693 1472,693 1422,693 1372,693 1322,692 1271,691 1221,691 1171,691 1121,690"/>
                <Baseline points="1121,710 1171,711 1221,711 1271,711 1322,712 1372,713 1422,713 1472,713 1523,713 1573,713 1623,713 1673,713 1724,713 1774,713 1824,714 1874,714 1925,714 1975,716 2025,717 2075,719 2126,720"/>
                <TextEquiv>
                    <Unicode>werden. Da ſie nicht in Verbindung mit einer Biographie des</Unicode>
                </TextEquiv>
            </TextLine>
            <TextLine id="r1l34" custom="readingOrder {index:13;}">
                <Coords points="1125,765 1174,765 1224,765 1274,765 1324,765 1374,765 1424,765 1474,765 1524,766 1574,766 1624,766 1673,766 1723,766 1773,766 1823,768 1873,768 1923,769 1973,769 2023,771 2073,771 2123,772 2123,742 2073,741 2023,741 1973,739 1923,739 1873,738 1823,738 1773,736 1723,736 1673,736 1624,736 1574,736 1524,736 1474,735 1424,735 1374,735 1324,735 1274,735 1224,735 1174,735 1125,735"/>
                <Baseline points="1125,755 1174,755 1224,755 1274,755 1324,755 1374,755 1424,755 1474,755 1524,756 1574,756 1624,756 1673,756 1723,756 1773,756 1823,758 1873,758 1923,759 1973,759 2023,761 2073,761 2123,762"/>
                <TextEquiv>
                    <Unicode>Heiligen erſcheint, hätten die einzelnen Punkte ſeines Lebens, um</Unicode>
                </TextEquiv>
            </TextLine>
            <TextLine id="r1l36" custom="readingOrder {index:14;}">
                <Coords points="1122,807 1171,807 1221,808 1271,808 1321,808 1371,810 1420,810 1470,810 1520,810 1570,810 1620,810 1669,810 1719,810 1769,810 1819,810 1869,810 1918,811 1968,811 2018,813 2068,814 2118,814 2118,784 2068,784 2018,783 1968,781 1918,781 1869,780 1819,780 1769,780 1719,780 1669,780 1620,780 1570,780 1520,780 1470,780 1420,780 1371,780 1321,778 1271,778 1221,778 1171,777 1122,777"/>
                <Baseline points="1122,797 1171,797 1221,798 1271,798 1321,798 1371,800 1420,800 1470,800 1520,800 1570,800 1620,800 1669,800 1719,800 1769,800 1819,800 1869,800 1918,801 1968,801 2018,803 2068,804 2118,804"/>
                <TextEquiv>
                    <Unicode>welche es ſich bei Haſe handelt, in der Volemik gegen ihn voll⸗</Unicode>
                </TextEquiv>
            </TextLine>
            <TextLine id="r1l38" custom="readingOrder {index:15;}">
                <Coords points="1134,849 1183,850 1232,850 1282,852 1331,852 1380,852 1430,853 1479,853 1528,853 1578,853 1627,853 1676,852 1726,852 1775,852 1824,853 1874,853 1923,853 1972,854 2022,855 2071,856 2121,858 2121,828 2071,826 2022,825 1972,824 1923,823 1874,823 1824,823 1775,822 1726,822 1676,822 1627,823 1578,823 1528,823 1479,823 1430,823 1380,822 1331,822 1282,822 1232,820 1183,820 1134,819"/>
                <Baseline points="1134,839 1183,840 1232,840 1282,842 1331,842 1380,842 1430,843 1479,843 1528,843 1578,843 1627,843 1676,842 1726,842 1775,842 1824,843 1874,843 1923,843 1972,844 2022,845 2071,846 2121,848"/>
                <TextEquiv>
                    <Unicode>ſtändiger angegeben werden müſſen, zumal dieſe in der Form</Unicode>
                </TextEquiv>
            </TextLine>
            <TextLine id="r1l40" custom="readingOrder {index:16;}">
                <Coords points="1115,892 1165,894 1216,894 1266,894 1317,894 1367,894 1418,895 1468,895 1519,895 1569,895 1620,895 1671,895 1721,895 1772,895 1822,895 1873,895 1923,895 1974,897 2024,897 2075,898 2126,898 2126,868 2075,868 2024,867 1974,867 1923,865 1873,865 1822,865 1772,865 1721,865 1671,865 1620,865 1569,865 1519,865 1468,865 1418,865 1367,864 1317,864 1266,864 1216,864 1165,864 1115,862"/>
                <Baseline points="1115,882 1165,884 1216,884 1266,884 1317,884 1367,884 1418,885 1468,885 1519,885 1569,885 1620,885 1671,885 1721,885 1772,885 1822,885 1873,885 1923,885 1974,887 2024,887 2075,888 2126,888"/>
                <TextEquiv>
                    <Unicode>eines fortlaufenden polemiſchen Commentars zu der Haſe’ſchen</Unicode>
                </TextEquiv>
            </TextLine>
            <TextLine id="r1l42" custom="readingOrder {index:17;}">
                <Coords points="1125,936 1174,937 1223,937 1273,937 1322,937 1371,939 1421,939 1470,939 1519,939 1569,939 1618,939 1667,939 1717,940 1766,940 1815,940 1865,940 1914,940 1963,940 2013,940 2062,940 2112,942 2112,912 2062,910 2013,910 1963,910 1914,910 1865,910 1815,910 1766,910 1717,910 1667,909 1618,909 1569,909 1519,909 1470,909 1421,909 1371,909 1322,907 1273,907 1223,907 1174,907 1125,906"/>
                <Baseline points="1125,926 1174,927 1223,927 1273,927 1322,927 1371,929 1421,929 1470,929 1519,929 1569,929 1618,929 1667,929 1717,930 1766,930 1815,930 1865,930 1914,930 1963,930 2013,930 2062,930 2112,932"/>
                <TextEquiv>
                    <Unicode>Schrift geführt wird. Am eingehendſten wird die Stigmatiſation</Unicode>
                </TextEquiv>
            </TextLine>
            <TextLine id="r1l44" custom="readingOrder {index:18;}">
                <Coords points="1112,979 1164,979 1217,980 1269,981 1322,981 1374,981 1427,982 1480,982 1532,982 1585,982 1637,984 1690,984 1742,984 1795,984 1848,984 1900,984 1953,985 2005,985 2058,985 2111,985 2111,955 2058,955 2005,955 1953,955 1900,954 1848,954 1795,954 1742,954 1690,954 1637,954 1585,952 1532,952 1480,952 1427,952 1374,951 1322,951 1269,951 1217,950 1164,949 1112,949"/>
                <Baseline points="1112,969 1164,969 1217,970 1269,971 1322,971 1374,971 1427,972 1480,972 1532,972 1585,972 1637,974 1690,974 1742,974 1795,974 1848,974 1900,974 1953,975 2005,975 2058,975 2111,975"/>
                <TextEquiv>
                    <Unicode>des h. Franz behandelt. Der Titel und der damit harmonirende</Unicode>
                </TextEquiv>
            </TextLine>
            <TextLine id="r1l46" custom="readingOrder {index:19;}">
                <Coords points="1115,1023 1164,1023 1214,1023 1264,1024 1314,1024 1364,1024 1413,1026 1463,1026 1513,1026 1563,1027 1613,1027 1662,1027 1712,1028 1762,1029 1812,1029 1862,1029 1911,1029 1961,1029 2011,1029 2061,1029 2111,1029 2111,998 2061,998 2011,998 1961,998 1911,998 1862,998 1812,998 1762,998 1712,997 1662,996 1613,996 1563,996 1513,995 1463,995 1413,995 1364,993 1314,993 1264,993 1214,992 1164,992 1115,992"/>
                <Baseline points="1115,1013 1164,1013 1214,1013 1264,1014 1314,1014 1364,1014 1413,1016 1463,1016 1513,1016 1563,1017 1613,1017 1662,1017 1712,1018 1762,1019 1812,1019 1862,1019 1911,1019 1961,1019 2011,1019 2061,1019 2111,1019"/>
                <TextEquiv>
                    <Unicode>Ton vieler Partieen des Schriftchens iſt nicht nach dem Ge⸗</Unicode>
                </TextEquiv>
            </TextLine>
            <TextLine id="r1l48" custom="readingOrder {index:20;}">
                <Coords points="1115,1072 1142,1069 1169,1067 1197,1066 1224,1065 1252,1065 1279,1065 1307,1066 1334,1068 1362,1071 1362,1041 1334,1038 1307,1036 1279,1035 1252,1035 1224,1035 1197,1036 1169,1037 1142,1039 1115,1042"/>
                <Baseline points="1115,1062 1142,1059 1169,1057 1197,1056 1224,1055 1252,1055 1279,1055 1307,1056 1334,1058 1362,1061"/>
                <TextEquiv>
                    <Unicode>ſchmacke des Ref.</Unicode>
                </TextEquiv>
            </TextLine>
            <TextLine id="r1l50" custom="readingOrder {index:21;}">
                <Coords points="1154,1117 1258,1117 1303,1119 1348,1119 1392,1119 1437,1120 1482,1120 1526,1120 1571,1120 1616,1120 1661,1120 1705,1120 1750,1120 1795,1120 1839,1121 1884,1122 1929,1122 1973,1122 2018,1122 2063,1123 2108,1123 2108,1093 2063,1093 2018,1092 1973,1092 1929,1092 1884,1092 1839,1091 1795,1090 1750,1090 1705,1090 1661,1090 1616,1090 1571,1090 1526,1090 1482,1090 1437,1090 1392,1089 1348,1089 1303,1089 1258,1087 1154,1087"/>
                <Baseline points="1162,1110 1258,1107 1303,1109 1348,1109 1392,1109 1437,1110 1482,1110 1526,1110 1571,1110 1616,1110 1661,1110 1705,1110 1750,1110 1795,1110 1839,1111 1884,1112 1929,1112 1973,1112 2018,1112 2063,1113 2108,1113"/>
                <TextEquiv>
                    <Unicode>— Von den Gelehrten, welche dem ‚Literaturblatte’ ihre Un⸗</Unicode>
                </TextEquiv>
            </TextLine>
            <TextLine id="r1l54" custom="readingOrder {index:22;}">
                <Coords points="1109,1159 1159,1161 1209,1162 1259,1162 1309,1164 1359,1164 1409,1164 1459,1164 1509,1164 1559,1164 1609,1164 1659,1164 1709,1164 1759,1164 1809,1164 1859,1164 1909,1164 1959,1164 2009,1165 2059,1165 2109,1165 2109,1135 2059,1135 2009,1135 1959,1134 1909,1134 1859,1134 1809,1134 1759,1134 1709,1134 1659,1134 1609,1134 1559,1134 1509,1134 1459,1134 1409,1134 1359,1134 1309,1134 1259,1132 1209,1132 1159,1131 1109,1129"/>
                <Baseline points="1109,1149 1159,1151 1209,1152 1259,1152 1309,1154 1359,1154 1409,1154 1459,1154 1509,1154 1559,1154 1609,1154 1659,1154 1709,1154 1759,1154 1809,1154 1859,1154 1909,1154 1959,1154 2009,1155 2059,1155 2109,1155"/>
                <TextEquiv>
                    <Unicode>terſtützung zugeſagt hatten, ſind im Laufe dieſes Jahres ge⸗</Unicode>
                </TextEquiv>
            </TextLine>
            <TextLine id="r1l56" custom="readingOrder {index:23;}">
                <Coords points="1122,1203 1171,1204 1220,1204 1270,1206 1319,1206 1369,1206 1418,1206 1468,1206 1517,1206 1567,1206 1616,1206 1665,1206 1715,1206 1764,1206 1814,1206 1863,1206 1913,1206 1962,1206 2012,1206 2061,1207 2111,1207 2111,1177 2061,1177 2012,1176 1962,1176 1913,1176 1863,1176 1814,1176 1764,1176 1715,1176 1665,1176 1616,1176 1567,1176 1517,1176 1468,1176 1418,1176 1369,1176 1319,1176 1270,1176 1220,1174 1171,1174 1122,1173"/>
                <Baseline points="1122,1193 1171,1194 1220,1194 1270,1196 1319,1196 1369,1196 1418,1196 1468,1196 1517,1196 1567,1196 1616,1196 1665,1196 1715,1196 1764,1196 1814,1196 1863,1196 1913,1196 1962,1196 2012,1196 2061,1197 2111,1197"/>
                <TextEquiv>
                    <Unicode>ſtorben: der Dompropſt Dr. Franz Werner zu St. Pölten</Unicode>
                </TextEquiv>
            </TextLine>
            <TextLine id="r1l58" custom="readingOrder {index:24;}">
                <Coords points="1124,1251 1173,1249 1223,1249 1272,1249 1322,1249 1371,1249 1421,1249 1470,1249 1520,1249 1569,1249 1619,1249 1668,1248 1718,1248 1767,1248 1817,1248 1866,1248 1916,1249 1965,1249 2015,1249 2064,1249 2114,1248 2114,1218 2064,1219 2015,1219 1965,1219 1916,1219 1866,1218 1817,1218 1767,1218 1718,1218 1668,1218 1619,1219 1569,1219 1520,1219 1470,1219 1421,1219 1371,1219 1322,1219 1272,1219 1223,1219 1173,1219 1124,1221"/>
                <Baseline points="1124,1241 1173,1239 1223,1239 1272,1239 1322,1239 1371,1239 1421,1239 1470,1239 1520,1239 1569,1239 1619,1239 1668,1238 1718,1238 1767,1238 1817,1238 1866,1238 1916,1239 1965,1239 2015,1239 2064,1239 2114,1238"/>
                <TextEquiv>
                    <Unicode>(geſt. 17. Febr., vgl. Sp. 181) und die Profeſſoren der Mün⸗</Unicode>
                </TextEquiv>
            </TextLine>
            <TextLine id="r1l60" custom="readingOrder {index:25;}">
                <Coords points="1112,1290 1162,1290 1212,1290 1262,1290 1312,1291 1362,1291 1412,1291 1463,1291 1513,1291 1563,1292 1613,1293 1663,1293 1713,1293 1763,1293 1814,1293 1864,1293 1914,1293 1964,1294 2014,1294 2064,1294 2115,1293 2115,1263 2064,1264 2014,1264 1964,1264 1914,1263 1864,1263 1814,1263 1763,1263 1713,1263 1663,1263 1613,1263 1563,1262 1513,1261 1463,1261 1412,1261 1362,1261 1312,1261 1262,1260 1212,1260 1162,1260 1112,1260"/>
                <Baseline points="1112,1280 1162,1280 1212,1280 1262,1280 1312,1281 1362,1281 1412,1281 1463,1281 1513,1281 1563,1282 1613,1283 1663,1283 1713,1283 1763,1283 1814,1283 1864,1283 1914,1283 1964,1284 2014,1284 2064,1284 2115,1283"/>
                <TextEquiv>
                    <Unicode>chener theologiſchen Facultät Dr. Max von Stadlbaur (geſt.</Unicode>
                </TextEquiv>
            </TextLine>
            <TextLine id="r1l62" custom="readingOrder {index:26;}">
                <Coords points="1112,1335 1162,1335 1212,1335 1262,1335 1312,1335 1362,1336 1412,1336 1462,1336 1512,1336 1562,1338 1612,1338 1662,1338 1712,1338 1762,1338 1812,1338 1862,1338 1912,1338 1962,1338 2012,1338 2062,1336 2112,1336 2112,1305 2062,1305 2012,1307 1962,1307 1912,1307 1862,1307 1812,1307 1762,1307 1712,1307 1662,1307 1612,1307 1562,1307 1512,1305 1462,1305 1412,1305 1362,1305 1312,1304 1262,1304 1212,1304 1162,1304 1112,1304"/>
                <Baseline points="1112,1325 1162,1325 1212,1325 1262,1325 1312,1325 1362,1326 1412,1326 1462,1326 1512,1326 1562,1328 1612,1328 1662,1328 1712,1328 1762,1328 1812,1328 1862,1328 1912,1328 1962,1328 2012,1328 2062,1326 2112,1326"/>
                <TextEquiv>
                    <Unicode>5. Sept.) und Dr. Anton Rietter (geſt. 6. Nov.) R. I. P.</Unicode>
                </TextEquiv>
            </TextLine>
            <TextLine id="r1l66" custom="readingOrder {index:27;} textStyle {offset:0; length:28;fontSize:0.0; kerning:0; bold:true;}">
                <Coords points="1149,1405 1197,1405 1245,1405 1294,1407 1342,1407 1391,1407 1439,1408 1488,1408 1536,1408 1585,1408 1633,1408 1681,1408 1730,1410 1778,1410 1827,1408 1875,1408 1924,1408 1972,1408 2021,1407 2069,1407 2118,1405 2118,1375 2069,1377 2021,1377 1972,1378 1924,1378 1875,1378 1827,1378 1778,1380 1730,1380 1681,1378 1633,1378 1585,1378 1536,1378 1488,1378 1439,1378 1391,1377 1342,1377 1294,1377 1245,1375 1197,1375 1149,1375"/>
                <Baseline points="1149,1395 1197,1395 1245,1395 1294,1397 1342,1397 1391,1397 1439,1398 1488,1398 1536,1398 1585,1398 1633,1398 1681,1398 1730,1400 1778,1400 1827,1398 1875,1398 1924,1398 1972,1398 2021,1397 2069,1397 2118,1395"/>
                <TextEquiv>
                    <Unicode>Correſpondenz der Redaction. No. 24: Der Art. iſt willkom⸗</Unicode>
                </TextEquiv>
            </TextLine>
            <TextLine id="line_1619598707697_607" custom="readingOrder {index:28;}">
                <Coords points="1119,1411 1164,1411 2120,1416 2120,1446 2093,1447 1716,1451 1668,1451 1199,1444 1119,1441"/>
                <Baseline points="1119,1431 1164,1431 1199,1434 1224,1433 1249,1433 1274,1433 1299,1434 1325,1434 1350,1434 1375,1434 1400,1434 1426,1434 1451,1435 1476,1436 1501,1436 1526,1436 1552,1437 1577,1437 1602,1437 1627,1437 1653,1437 1668,1440 1716,1440 1749,1440 1775,1439 1802,1437 1828,1437 1855,1437 1881,1436 1908,1436 1934,1436 1961,1436 1987,1436 2014,1437 2040,1437 2067,1437 2093,1437 2120,1436"/>
                <TextEquiv>
                    <Unicode>men. — No. 82: Dankend erhalten. — P. G. in M. (50): Zwei</Unicode>
                </TextEquiv>
            </TextLine>
            <TextLine id="r1l73" custom="readingOrder {index:29;}">
                <Coords points="1109,1480 1134,1480 1160,1480 1185,1480 1211,1480 1236,1480 1262,1480 1287,1480 1313,1480 1338,1480 1364,1480 1389,1480 1415,1479 1415,1449 1389,1450 1364,1450 1338,1450 1313,1450 1287,1450 1262,1450 1236,1450 1211,1450 1185,1450 1160,1450 1134,1450 1109,1450"/>
                <Baseline points="1109,1470 1134,1470 1160,1470 1185,1470 1211,1470 1236,1470 1262,1470 1287,1470 1313,1470 1338,1470 1364,1470 1389,1470 1415,1469"/>
                <TextEquiv>
                    <Unicode>Zuſendungen erhalten</Unicode>
                </TextEquiv>
            </TextLine>
            <TextLine id="r1l75" custom="readingOrder {index:30;} textStyle {offset:0; length:53;fontSize:0.0; kerning:0; bold:true;}">
                <Coords points="1139,1530 1187,1531 1236,1531 1285,1533 1334,1533 1382,1534 1431,1534 1480,1534 1529,1534 1577,1534 1626,1534 1675,1534 1724,1534 1772,1534 1821,1534 1870,1534 1919,1534 1967,1534 2016,1536 2065,1536 2114,1536 2114,1506 2065,1506 2016,1506 1967,1504 1919,1504 1870,1504 1821,1504 1772,1504 1724,1504 1675,1504 1626,1504 1577,1504 1529,1504 1480,1504 1431,1504 1382,1504 1334,1503 1285,1503 1236,1501 1187,1501 1139,1500"/>
                <Baseline points="1139,1520 1187,1521 1236,1521 1285,1523 1334,1523 1382,1524 1431,1524 1480,1524 1529,1524 1577,1524 1626,1524 1675,1524 1724,1524 1772,1524 1821,1524 1870,1524 1919,1524 1967,1524 2016,1526 2065,1526 2114,1526"/>
                <TextEquiv>
                    <Unicode>Dieſer Nummer liegen Titel und Regiſter des Jahrgangs</Unicode>
                </TextEquiv>
            </TextLine>
            <TextLine id="r1l77" custom="readingOrder {index:31;} textStyle {offset:0; length:54;fontSize:0.0; kerning:0; bold:true;}">
                <Coords points="1116,1567 1165,1567 1215,1567 1265,1567 1315,1569 1364,1569 1414,1569 1464,1570 1514,1570 1563,1570 1613,1572 1663,1572 1713,1572 1762,1573 1812,1573 1862,1573 1912,1573 1961,1572 2011,1572 2061,1570 2111,1570 2111,1540 2061,1540 2011,1542 1961,1542 1912,1543 1862,1543 1812,1543 1762,1543 1713,1542 1663,1542 1613,1542 1563,1540 1514,1540 1464,1540 1414,1539 1364,1539 1315,1539 1265,1537 1215,1537 1165,1537 1116,1537"/>
                <Baseline points="1116,1557 1165,1557 1215,1557 1265,1557 1315,1559 1364,1559 1414,1559 1464,1560 1514,1560 1563,1560 1613,1562 1663,1562 1713,1562 1762,1563 1812,1563 1862,1563 1912,1563 1961,1562 2011,1562 2061,1560 2111,1560"/>
                <TextEquiv>
                    <Unicode>1866 bei. Es wird um baldige Anmeldung des Abonnements</Unicode>
                </TextEquiv>
            </TextLine>
            <TextLine id="r1l79" custom="readingOrder {index:32;} textStyle {offset:0; length:30;fontSize:0.0; kerning:0; bold:true;}">
                <Coords points="1110,1603 1136,1603 1162,1605 1189,1605 1215,1606 1242,1606 1268,1606 1294,1608 1321,1608 1347,1608 1374,1608 1400,1609 1426,1609 1453,1609 1479,1609 1506,1609 1532,1609 1558,1609 1585,1608 1611,1608 1638,1608 1638,1578 1611,1578 1585,1578 1558,1579 1532,1579 1506,1579 1479,1579 1453,1579 1426,1579 1400,1579 1374,1578 1347,1578 1321,1578 1294,1578 1268,1576 1242,1576 1215,1576 1189,1575 1162,1575 1136,1573 1110,1573"/>
                <Baseline points="1110,1593 1136,1593 1162,1595 1189,1595 1215,1596 1242,1596 1268,1596 1294,1598 1321,1598 1347,1598 1374,1598 1400,1599 1426,1599 1453,1599 1479,1599 1506,1599 1532,1599 1558,1599 1585,1598 1611,1598 1638,1598"/>
                <TextEquiv>
                    <Unicode>für den Jahrgang 1867 gebeten.</Unicode>
                </TextEquiv>
            </TextLine>
            <TextEquiv>
                <Unicode>derſelben von P. Zingerle bringen wir in einer der nächſten
Nummern.
— „Eine literariſche Haſenjagd oder Methode, wie ein
gewiſſenhafter Polemiker wider die katholiſche Kirche Heiligenbilder
zurecht macht, verrathen durch Ludwig Clarus” (Paderborn,
Junfermann 1866. 124 S. kl. 8. 10 Sgr.) iſt eine Kritik des
ſchon 1856 erſchienenen Schriftchens „Franz von Aſſiſi, ein
Heiligenbild von Karl Haſe.” Haſe’s „Handbuch der Pole⸗
mik” iſt mit Veranlaſſung dazu geweſen, daß Clarus das ältere
Schriftchen — nebenbei auch die „Polemik” — kritiſirt. Die Kritik
war urſprünglich beſtimmt, als Anhang zu der von Clarus
überſetzten Geſchichte des h. Franz von Dauxignac gedruckt zu
werden. Da ſie nicht in Verbindung mit einer Biographie des
Heiligen erſcheint, hätten die einzelnen Punkte ſeines Lebens, um
welche es ſich bei Haſe handelt, in der Volemik gegen ihn voll⸗
ſtändiger angegeben werden müſſen, zumal dieſe in der Form
eines fortlaufenden polemiſchen Commentars zu der Haſe’ſchen
Schrift geführt wird. Am eingehendſten wird die Stigmatiſation
des h. Franz behandelt. Der Titel und der damit harmonirende
Ton vieler Partieen des Schriftchens iſt nicht nach dem Ge⸗
ſchmacke des Ref.
— Von den Gelehrten, welche dem ‚Literaturblatte’ ihre Un⸗
terſtützung zugeſagt hatten, ſind im Laufe dieſes Jahres ge⸗
ſtorben: der Dompropſt Dr. Franz Werner zu St. Pölten
(geſt. 17. Febr., vgl. Sp. 181) und die Profeſſoren der Mün⸗
chener theologiſchen Facultät Dr. Max von Stadlbaur (geſt.
5. Sept.) und Dr. Anton Rietter (geſt. 6. Nov.) R. I. P.
Correſpondenz der Redaction. No. 24: Der Art. iſt willkom⸗
men. — No. 82: Dankend erhalten. — P. G. in M. (50): Zwei
Zuſendungen erhalten
Dieſer Nummer liegen Titel und Regiſter des Jahrgangs
1866 bei. Es wird um baldige Anmeldung des Abonnements
für den Jahrgang 1867 gebeten.</Unicode>
            </TextEquiv>
        </TextRegion>
        <TextRegion orientation="0.0" id="TextRegion_1619598657291_572" custom="readingOrder {index:3;}">
            <Coords points="29,1657 2129,1657 2129,2989 29,2989"/>
            <TextLine id="r1l81" custom="readingOrder {index:0;} textStyle {offset:0; length:9;fontSize:0.0; kerning:0; bold:true;}">
                <Coords points="870,1825 896,1827 922,1830 948,1831 975,1832 1001,1832 1027,1834 1054,1834 1080,1834 1106,1834 1132,1834 1159,1834 1185,1834 1211,1834 1238,1834 1264,1834 1290,1835 1317,1835 1317,1802 1290,1802 1264,1801 1238,1801 1211,1801 1185,1801 1159,1801 1132,1801 1106,1801 1080,1801 1054,1801 1027,1801 1001,1799 975,1799 948,1798 922,1797 896,1794 870,1792"/>
                <Baseline points="870,1814 896,1816 922,1819 948,1820 975,1821 1001,1821 1027,1823 1054,1823 1080,1823 1106,1823 1132,1823 1159,1823 1185,1823 1211,1823 1238,1823 1264,1823 1290,1824 1317,1824"/>
                <TextEquiv>
                    <Unicode>Anzeigen.</Unicode>
                </TextEquiv>
            </TextLine>
            <TextLine id="r1l82" custom="readingOrder {index:1;} textStyle {offset:7; length:10;fontSize:0.0; kerning:0; bold:true;} textStyle {offset:24; length:12;fontSize:0.0; kerning:0; bold:true;} textStyle {offset:40; length:9;fontSize:0.0; kerning:0; bold:true;}">
                <Coords points="153,1928 221,1928 290,1928 358,1928 427,1928 495,1930 564,1930 632,1931 701,1931 769,1931 838,1933 906,1933 975,1933 1043,1933 1112,1933 1180,1933 1249,1933 1317,1933 1386,1931 1454,1930 1523,1928 1523,1895 1454,1897 1386,1898 1317,1900 1249,1900 1180,1900 1112,1900 1043,1900 975,1900 906,1900 838,1900 769,1898 701,1898 632,1898 564,1897 495,1897 427,1895 358,1895 290,1895 221,1895 153,1895"/>
                <Baseline points="153,1917 221,1917 290,1917 358,1917 427,1917 495,1919 564,1919 632,1920 701,1920 769,1920 838,1922 906,1922 975,1922 1043,1922 1112,1922 1180,1922 1249,1922 1317,1922 1386,1920 1454,1919 1523,1917"/>
                <TextEquiv>
                    <Unicode>In der Junfermann’ſchen Buchhandlung in Paderborn ſind erſchienen:</Unicode>
                </TextEquiv>
            </TextLine>
            <TextLine id="line_1619598724644_616" custom="readingOrder {index:2;} textStyle {offset:0; length:27;fontSize:0.0; kerning:0; bold:true;}">
                <Coords points="44,1992 776,1965 1447,1963 1715,1963 2050,1966 2118,1968 2118,1998 766,2029 737,2029 638,2029 440,2028 242,2025 44,2022"/>
                <Baseline points="44,2012 143,2013 242,2015 341,2016 440,2018 539,2018 638,2019 737,2019 766,2019 776,1985 843,1986 910,1985 977,1985 1044,1985 1111,1985 1178,1985 1245,1985 1312,1985 1379,1985 1447,1983 1514,1983 1581,1983 1648,1983 1715,1983 1782,1985 1849,1985 1916,1985 1983,1986 2050,1986 2118,1988"/>
                <TextEquiv>
                    <Unicode>Eine literariſche Haſenjagd oder Methode, wie ein gewiſſenhafter Polemiker wider die katholiſche Kirche Heiligenbilder</Unicode>
                </TextEquiv>
            </TextLine>
            <TextLine id="line_1619598719870_611" custom="readingOrder {index:3;} textStyle {offset:31; length:14;fontSize:0.0; kerning:0; bold:true;}">
                <Coords points="766,1999 836,2001 935,2001 1034,2002 2025,2002 2025,2032 1034,2032 935,2031 836,2031 766,2029"/>
                <Baseline points="766,2019 836,2021 935,2021 1034,2022 1133,2022 1232,2022 1331,2022 1430,2022 1529,2022 1628,2022 1727,2022 1826,2022 1925,2022 2025,2022"/>
                <TextEquiv>
                    <Unicode>zurecht macht, verrathen durch Ludwig Clarus. 8⁰. 124 Seiten. Geh. 10 Sgr.</Unicode>
                </TextEquiv>
            </TextLine>
            <TextLine id="line_1619599767249_754" custom="readingOrder {index:4;} textStyle {offset:0; length:16;fontSize:0.0; kerning:0; bold:true;} textStyle {offset:93; length:8;fontSize:0.0; kerning:0; bold:true;}">
                <Coords points="45,2083 558,2055 2004,2055 2114,2059 2114,2089 533,2118 460,2118 45,2113"/>
                <Baseline points="45,2103 148,2104 252,2105 356,2106 460,2108 533,2108 558,2075 628,2075 699,2076 770,2076 841,2076 911,2076 982,2076 1053,2076 1124,2075 1194,2075 1265,2075 1336,2075 1407,2075 1477,2075 1548,2075 1619,2075 1690,2075 1760,2075 1831,2076 1902,2076 1973,2078 2004,2075 2031,2076 2059,2077 2086,2078 2114,2079"/>
                <TextEquiv>
                    <Unicode>Die Standeswahl. Ein Handbuch für Prieſter, chriſtliche Eltern und die reifere Jugend von P. Damanet, S. J. Auf Er⸗</Unicode>
                </TextEquiv>
            </TextLine>
            <TextLine id="line_1619598729541_620" custom="readingOrder {index:5;} textStyle {offset:58; length:32;fontSize:0.0; kerning:0; bold:true;}">
                <Coords points="533,2088 564,2089 667,2089 771,2091 875,2091 979,2092 1083,2092 1186,2094 1394,2094 1498,2095 1913,2095 2017,2094 2121,2094 2121,2124 2017,2124 1913,2125 1498,2125 1394,2124 1186,2124 1083,2122 979,2122 875,2121 771,2121 667,2119 564,2119 533,2118"/>
                <Baseline points="533,2108 564,2109 667,2109 771,2111 875,2111 979,2112 1083,2112 1186,2114 1290,2114 1394,2114 1498,2115 1602,2115 1705,2115 1809,2115 1913,2115 2017,2114 2121,2114"/>
                <TextEquiv>
                    <Unicode>ſuchen des Verfaſſers in deutſcher Sprache bearbeitet von Hermann Joſeph von Fugger⸗Glött, Prieſter</Unicode>
                </TextEquiv>
            </TextLine>
            <TextLine id="r1l88" custom="readingOrder {index:6;}">
                <Coords points="194,2158 240,2158 286,2158 332,2158 378,2158 425,2158 471,2158 517,2158 563,2158 609,2158 656,2158 702,2158 748,2158 794,2158 840,2158 887,2160 933,2160 979,2160 1025,2160 1071,2161 1118,2161 1118,2131 1071,2131 1025,2130 979,2130 933,2130 887,2130 840,2128 794,2128 748,2128 702,2128 656,2128 609,2128 563,2128 517,2128 471,2128 425,2128 378,2128 332,2128 286,2128 240,2128 194,2128"/>
                <Baseline points="194,2148 240,2148 286,2148 332,2148 378,2148 425,2148 471,2148 517,2148 563,2148 609,2148 656,2148 702,2148 748,2148 794,2148 840,2148 887,2150 933,2150 979,2150 1025,2150 1071,2151 1118,2151"/>
                <TextEquiv>
                    <Unicode>der Geſellſchaft Jeſu. 8⁰. XI u. 368 Seiten. Geh. 25 Sgr.</Unicode>
                </TextEquiv>
            </TextLine>
            <TextLine id="line_1619598744684_629" custom="readingOrder {index:7;} textStyle {offset:0; length:56;fontSize:0.0; kerning:0; bold:true;}">
                <Coords points="29,2212 1626,2181 2124,2181 2124,2211 1578,2244 1175,2245 1117,2245 29,2242"/>
                <Baseline points="29,2232 86,2232 143,2232 200,2232 258,2232 315,2232 372,2232 430,2231 487,2231 544,2231 602,2231 659,2231 716,2231 773,2231 831,2231 888,2232 945,2232 1003,2232 1060,2234 1117,2235 1175,2235 1190,2232 1215,2231 1241,2231 1267,2231 1293,2231 1319,2232 1345,2232 1371,2232 1396,2232 1422,2232 1448,2232 1474,2234 1500,2234 1526,2234 1552,2234 1578,2234 1626,2201 1652,2201 1678,2202 1704,2202 1730,2202 1757,2202 1783,2202 1809,2202 1835,2202 1861,2202 1888,2202 1914,2202 1940,2202 1966,2202 1992,2202 2019,2201 2045,2201 2071,2201 2097,2201 2124,2201"/>
                <TextEquiv>
                    <Unicode>Beiträge zur Geſchichte und Erklärung der Kirchenhymnen. Mit beſonderer Rückſicht auf das</Unicode>
                </TextEquiv>
            </TextLine>
            <TextLine id="r1l92" custom="readingOrder {index:8;} textStyle {offset:26; length:4;fontSize:0.0; kerning:0; bold:true;}">
                <Coords points="1617,2247 1643,2247 1669,2248 1695,2248 1721,2248 1747,2248 1773,2248 1799,2248 1825,2248 1851,2247 1877,2247 1903,2247 1929,2247 1955,2247 1981,2247 2007,2248 2033,2248 2059,2248 2085,2250 2111,2251 2111,2221 2085,2220 2059,2218 2033,2218 2007,2218 1981,2217 1955,2217 1929,2217 1903,2217 1877,2217 1851,2217 1825,2218 1799,2218 1773,2218 1747,2218 1721,2218 1695,2218 1669,2218 1643,2217 1617,2217"/>
                <Baseline points="1617,2237 1643,2237 1669,2238 1695,2238 1721,2238 1747,2238 1773,2238 1799,2238 1825,2238 1851,2237 1877,2237 1903,2237 1929,2237 1955,2237 1981,2237 2007,2238 2033,2238 2059,2238 2085,2240 2111,2241"/>
                <TextEquiv>
                    <Unicode>römiſche Brevier. Von Dr. Joh.</Unicode>
                </TextEquiv>
            </TextLine>
            <TextLine id="line_1619598749392_633" custom="readingOrder {index:9;} textStyle {offset:0; length:7;fontSize:0.0; kerning:0; bold:true;}">
                <Coords points="189,2257 329,2256 1619,2254 1947,2254 2048,2257 2098,2262 2124,2265 2124,2295 189,2287"/>
                <Baseline points="189,2277 259,2277 329,2276 399,2276 469,2276 539,2276 609,2276 679,2276 749,2276 819,2276 889,2276 959,2276 1029,2276 1099,2276 1169,2276 1239,2276 1309,2276 1379,2276 1449,2276 1519,2276 1589,2276 1619,2274 1644,2276 1669,2276 1694,2277 1720,2277 1745,2277 1770,2277 1795,2276 1821,2276 1846,2276 1871,2276 1896,2274 1922,2274 1947,2274 1972,2276 1997,2276 2023,2277 2048,2277 2073,2280 2098,2282 2124,2285"/>
                <TextEquiv>
                    <Unicode>Kayſer, Profeſſor an der philoſ.⸗theol. Lehranſtalt zu Paderborn. Erſtes Heft. Gr. 8⁰. VIII u. 160 S. Geh. 17½ Sgr.</Unicode>
                </TextEquiv>
            </TextLine>
            <TextLine id="r1l96" custom="readingOrder {index:10;} textStyle {offset:0; length:57;fontSize:0.0; kerning:0; bold:true;}">
                <Coords points="468,2426 529,2428 590,2429 651,2429 712,2429 773,2429 834,2429 895,2429 956,2429 1017,2429 1078,2428 1139,2428 1200,2428 1261,2428 1322,2428 1383,2428 1444,2428 1505,2429 1566,2429 1627,2431 1688,2432 1688,2399 1627,2398 1566,2396 1505,2396 1444,2395 1383,2395 1322,2395 1261,2395 1200,2395 1139,2395 1078,2395 1017,2396 956,2396 895,2396 834,2396 773,2396 712,2396 651,2396 590,2396 529,2395 468,2393"/>
                <Baseline points="468,2415 529,2417 590,2418 651,2418 712,2418 773,2418 834,2418 895,2418 956,2418 1017,2418 1078,2417 1139,2417 1200,2417 1261,2417 1322,2417 1383,2417 1444,2417 1505,2418 1566,2418 1627,2420 1688,2421"/>
                <TextEquiv>
                    <Unicode>Verlag der Fr. Hurter’ſchen Buchhandlung in Schaffhauſen.</Unicode>
                </TextEquiv>
            </TextLine>
            <TextLine id="line_1619598764440_643" custom="readingOrder {index:11;} textStyle {offset:0; length:42;fontSize:0.0; kerning:0; bold:true;}">
                <Coords points="50,2493 150,2490 1203,2460 1248,2460 1749,2461 2022,2463 2114,2464 2114,2494 1151,2520 847,2523 75,2524 50,2524"/>
                <Baseline points="50,2514 75,2514 100,2513 125,2512 150,2511 175,2511 200,2511 225,2511 251,2511 276,2511 301,2511 326,2511 351,2511 376,2511 401,2511 426,2512 452,2513 477,2513 510,2513 544,2513 578,2513 611,2513 645,2513 679,2513 712,2513 746,2513 780,2513 814,2513 847,2513 881,2511 915,2511 948,2511 982,2511 1016,2511 1049,2510 1083,2510 1117,2510 1151,2510 1203,2480 1248,2480 1294,2481 1339,2481 1385,2481 1430,2481 1476,2481 1521,2481 1567,2481 1612,2481 1658,2481 1704,2481 1749,2481 1795,2483 1840,2483 1886,2483 1931,2483 1977,2483 2022,2483 2068,2484 2114,2484"/>
                <TextEquiv>
                    <Unicode>Die katholiſchen Kanzelredner Deutſchlands ſeit den letzten drei Jahrhunderten. Als Beitrag zur Geſchichte</Unicode>
                </TextEquiv>
            </TextLine>
            <TextLine id="r1l100" custom="readingOrder {index:12;}">
                <Coords points="1181,2526 1227,2526 1274,2527 1320,2527 1367,2529 1414,2529 1460,2529 1507,2529 1554,2529 1600,2530 1647,2530 1694,2530 1740,2530 1787,2530 1834,2530 1880,2530 1927,2530 1974,2530 2020,2529 2067,2529 2114,2529 2114,2499 2067,2499 2020,2499 1974,2500 1927,2500 1880,2500 1834,2500 1787,2500 1740,2500 1694,2500 1647,2500 1600,2500 1554,2499 1507,2499 1460,2499 1414,2499 1367,2499 1320,2497 1274,2497 1227,2496 1181,2496"/>
                <Baseline points="1181,2516 1227,2516 1274,2517 1320,2517 1367,2519 1414,2519 1460,2519 1507,2519 1554,2519 1600,2520 1647,2520 1694,2520 1740,2520 1787,2520 1834,2520 1880,2520 1927,2520 1974,2520 2020,2519 2067,2519 2114,2519"/>
                <TextEquiv>
                    <Unicode>der deutſchen Kanzelberedſamkeit, ſowie als Material zur prak⸗</Unicode>
                </TextEquiv>
            </TextLine>
            <TextLine id="r1l101" custom="readingOrder {index:13;} textStyle {offset:40; length:19;fontSize:0.0; kerning:0; bold:true;} textStyle {offset:73; length:33;fontSize:0.0; kerning:0; bold:true;}">
                <Coords points="200,2565 295,2565 391,2563 487,2563 582,2565 678,2565 774,2565 869,2565 965,2565 1061,2565 1157,2565 1252,2566 1348,2566 1444,2566 1539,2566 1635,2566 1731,2567 1826,2568 1922,2568 2018,2568 2114,2568 2114,2538 2018,2538 1922,2538 1826,2538 1731,2537 1635,2536 1539,2536 1444,2536 1348,2536 1252,2536 1157,2535 1061,2535 965,2535 869,2535 774,2535 678,2535 582,2535 487,2533 391,2533 295,2535 200,2535"/>
                <Baseline points="200,2555 295,2555 391,2553 487,2553 582,2555 678,2555 774,2555 869,2555 965,2555 1061,2555 1157,2555 1252,2556 1348,2556 1444,2556 1539,2556 1635,2556 1731,2557 1826,2558 1922,2558 2018,2558 2114,2558"/>
                <TextEquiv>
                    <Unicode>tiſchen Benutzung für Prediger. Von Dr. Joh. Nep. Briſchar. Erſter Band. Die Kanzelredner des 16. Jahrhun⸗</Unicode>
                </TextEquiv>
            </TextLine>
            <TextLine id="r1l102" custom="readingOrder {index:14;} textStyle {offset:0; length:6;fontSize:0.0; kerning:0; bold:true;}">
                <Coords points="201,2602 234,2602 268,2601 301,2601 335,2601 369,2601 402,2601 436,2601 470,2602 503,2602 537,2602 570,2602 604,2602 638,2602 671,2602 705,2602 739,2602 772,2602 806,2602 840,2602 840,2572 806,2572 772,2572 739,2572 705,2572 671,2572 638,2572 604,2572 570,2572 537,2572 503,2572 470,2572 436,2571 402,2571 369,2571 335,2571 301,2571 268,2571 234,2572 201,2572"/>
                <Baseline points="201,2592 234,2592 268,2591 301,2591 335,2591 369,2591 402,2591 436,2591 470,2592 503,2592 537,2592 570,2592 604,2592 638,2592 671,2592 705,2592 739,2592 772,2592 806,2592 840,2592"/>
                <TextEquiv>
                    <Unicode>derts. fl. 4. 48. Rthlr. 2. 24. Fr. 10.</Unicode>
                </TextEquiv>
            </TextLine>
            <TextLine id="r1l103" custom="readingOrder {index:15;}">
                <Coords points="147,2653 246,2653 345,2653 444,2652 543,2652 642,2652 741,2652 840,2652 939,2653 1038,2653 1137,2653 1236,2653 1335,2653 1434,2655 1533,2655 1632,2655 1731,2655 1830,2655 1929,2655 2028,2655 2127,2655 2127,2625 2028,2625 1929,2625 1830,2625 1731,2625 1632,2625 1533,2625 1434,2625 1335,2623 1236,2623 1137,2623 1038,2623 939,2623 840,2622 741,2622 642,2622 543,2622 444,2622 345,2623 246,2623 147,2623"/>
                <Baseline points="147,2643 246,2643 345,2643 444,2642 543,2642 642,2642 741,2642 840,2642 939,2643 1038,2643 1137,2643 1236,2643 1335,2643 1434,2645 1533,2645 1632,2645 1731,2645 1830,2645 1929,2645 2028,2645 2127,2645"/>
                <TextEquiv>
                    <Unicode>In erſter Linie iſt dieſes Werk ganz entſchieden ein Bibliothekswerk, da es zum erſten Male eine Geſchichte der deutſchen katholiſchen</Unicode>
                </TextEquiv>
            </TextLine>
            <TextLine id="r1l104" custom="readingOrder {index:16;}">
                <Coords points="48,2691 125,2691 203,2691 280,2691 358,2689 436,2689 513,2689 591,2689 669,2689 746,2689 824,2689 902,2689 979,2689 1057,2689 1135,2689 1212,2689 1290,2689 1368,2689 1445,2689 1523,2689 1601,2689 1601,2659 1523,2659 1445,2659 1368,2659 1290,2659 1212,2659 1135,2659 1057,2659 979,2659 902,2659 824,2659 746,2659 669,2659 591,2659 513,2659 436,2659 358,2659 280,2661 203,2661 125,2661 48,2661"/>
                <Baseline points="48,2681 125,2681 203,2681 280,2681 358,2679 436,2679 513,2679 591,2679 669,2679 746,2679 824,2679 902,2679 979,2679 1057,2679 1135,2679 1212,2679 1290,2679 1368,2679 1445,2679 1523,2679 1601,2679"/>
                <TextEquiv>
                    <Unicode>Kanzelberedſamkeit giebt, die bisher ein völlig unbekanntes Feld, deren Träger durchaus ignorirt waren.</Unicode>
                </TextEquiv>
            </TextLine>
            <TextLine id="r1l105" custom="readingOrder {index:17;}">
                <Coords points="155,2728 253,2727 351,2727 449,2727 547,2727 645,2727 743,2727 842,2727 940,2727 1038,2725 1136,2725 1234,2725 1332,2725 1430,2725 1529,2725 1627,2725 1725,2725 1823,2725 1921,2725 2019,2725 2118,2725 2118,2695 2019,2695 1921,2695 1823,2695 1725,2695 1627,2695 1529,2695 1430,2695 1332,2695 1234,2695 1136,2695 1038,2695 940,2697 842,2697 743,2697 645,2697 547,2697 449,2697 351,2697 253,2697 155,2698"/>
                <Baseline points="155,2718 253,2717 351,2717 449,2717 547,2717 645,2717 743,2717 842,2717 940,2717 1038,2715 1136,2715 1234,2715 1332,2715 1430,2715 1529,2715 1627,2715 1725,2715 1823,2715 1921,2715 2019,2715 2118,2715"/>
                <TextEquiv>
                    <Unicode>Damit verbindet der Verfaſſer einen weitern ganz praktiſchen Zweck, indem er aus dieſem reichen Schatze der deutſchen Predigt der</Unicode>
                </TextEquiv>
            </TextLine>
            <TextLine id="r1l106" custom="readingOrder {index:18;}">
                <Coords points="44,2763 146,2763 249,2763 351,2763 454,2763 557,2763 659,2763 762,2763 865,2761 967,2761 1070,2761 1173,2763 1275,2763 1378,2763 1481,2763 1583,2763 1686,2763 1789,2763 1891,2763 1994,2763 2097,2763 2097,2733 1994,2733 1891,2733 1789,2733 1686,2733 1583,2733 1481,2733 1378,2733 1275,2733 1173,2733 1070,2731 967,2731 865,2731 762,2733 659,2733 557,2733 454,2733 351,2733 249,2733 146,2733 44,2733"/>
                <Baseline points="44,2753 146,2753 249,2753 351,2753 454,2753 557,2753 659,2753 762,2753 865,2751 967,2751 1070,2751 1173,2753 1275,2753 1378,2753 1481,2753 1583,2753 1686,2753 1789,2753 1891,2753 1994,2753 2097,2753"/>
                <TextEquiv>
                    <Unicode>drei letzten Jahrhunderte das Werthvollſte und Bedeutendſte heraushebt und zu einer homiletiſchen Fundgrube für die Gegenwart macht.</Unicode>
                </TextEquiv>
            </TextLine>
            <TextLine id="r1l107" custom="readingOrder {index:19;}">
                <Coords points="155,2800 240,2800 325,2800 410,2800 495,2799 581,2799 666,2799 751,2799 836,2799 921,2799 1007,2799 1092,2799 1177,2799 1262,2797 1347,2797 1433,2797 1518,2799 1603,2799 1688,2799 1773,2799 1859,2800 1859,2770 1773,2769 1688,2769 1603,2769 1518,2769 1433,2767 1347,2767 1262,2767 1177,2769 1092,2769 1007,2769 921,2769 836,2769 751,2769 666,2769 581,2769 495,2769 410,2770 325,2770 240,2770 155,2770"/>
                <Baseline points="155,2790 240,2790 325,2790 410,2790 495,2789 581,2789 666,2789 751,2789 836,2789 921,2789 1007,2789 1092,2789 1177,2789 1262,2787 1347,2787 1433,2787 1518,2789 1603,2789 1688,2789 1773,2789 1859,2790"/>
                <TextEquiv>
                    <Unicode>Ein reicherer Schatz alter gediegener Predigten, paſſend für alle Bedürfniſſe der Gegenwart, iſt gar nicht denkbar.</Unicode>
                </TextEquiv>
            </TextLine>
            <TextLine id="r1l108" custom="readingOrder {index:20;}">
                <Coords points="164,2836 261,2835 359,2835 457,2835 555,2835 653,2835 751,2835 848,2835 946,2835 1044,2836 1142,2836 1240,2836 1338,2836 1436,2836 1533,2836 1631,2836 1729,2836 1827,2836 1925,2836 2023,2836 2121,2835 2121,2805 2023,2806 1925,2806 1827,2806 1729,2806 1631,2806 1533,2806 1436,2806 1338,2806 1240,2806 1142,2806 1044,2806 946,2805 848,2805 751,2805 653,2805 555,2805 457,2805 359,2805 261,2805 164,2806"/>
                <Baseline points="164,2826 261,2825 359,2825 457,2825 555,2825 653,2825 751,2825 848,2825 946,2825 1044,2826 1142,2826 1240,2826 1338,2826 1436,2826 1533,2826 1631,2826 1729,2826 1827,2826 1925,2826 2023,2826 2121,2825"/>
                <TextEquiv>
                    <Unicode>Somit empfehlen wir dieſes Werk der Theilnahme der geſammten Geiſtlichkeit recht angelegentlichſt, deren Unterſtützung allein die</Unicode>
                </TextEquiv>
            </TextLine>
            <TextLine id="r1l109" custom="readingOrder {index:21;}">
                <Coords points="45,2871 101,2872 157,2872 213,2874 269,2874 326,2874 382,2874 438,2874 494,2874 550,2874 607,2874 663,2874 719,2874 775,2874 831,2874 888,2872 944,2872 1000,2872 1056,2872 1112,2871 1169,2871 1169,2841 1112,2841 1056,2842 1000,2842 944,2842 888,2842 831,2844 775,2844 719,2844 663,2844 607,2844 550,2844 494,2844 438,2844 382,2844 326,2844 269,2844 213,2844 157,2842 101,2842 45,2841"/>
                <Baseline points="45,2861 101,2862 157,2862 213,2864 269,2864 326,2864 382,2864 438,2864 494,2864 550,2864 607,2864 663,2864 719,2864 775,2864 831,2864 888,2862 944,2862 1000,2862 1056,2862 1112,2861 1169,2861"/>
                <TextEquiv>
                    <Unicode>Durchführung des von dem Herausgeber angeſtrebten Zieles möglich macht.</Unicode>
                </TextEquiv>
            </TextLine>
            <TextLine id="r1l110" custom="readingOrder {index:22;}">
                <Coords points="200,2984 288,2986 377,2987 465,2987 554,2989 642,2989 731,2989 819,2989 908,2989 996,2989 1085,2989 1174,2989 1262,2989 1351,2989 1439,2989 1528,2989 1616,2987 1705,2987 1793,2987 1882,2987 1971,2987 1971,2954 1882,2954 1793,2954 1705,2954 1616,2954 1528,2956 1439,2956 1351,2956 1262,2956 1174,2956 1085,2956 996,2956 908,2956 819,2956 731,2956 642,2956 554,2956 465,2954 377,2954 288,2953 200,2951"/>
                <Baseline points="200,2973 288,2975 377,2976 465,2976 554,2978 642,2978 731,2978 819,2978 908,2978 996,2978 1085,2978 1174,2978 1262,2978 1351,2978 1439,2978 1528,2978 1616,2976 1705,2976 1793,2976 1882,2976 1971,2976"/>
                <TextEquiv>
                    <Unicode>Verantw. Redacteur Prof. Reuſch. —Verlag von A. Henry in Bonn. — Druck von Carl Georgi in Bonn.</Unicode>
                </TextEquiv>
            </TextLine>
            <TextEquiv>
                <Unicode>Anzeigen.
In der Junfermann’ſchen Buchhandlung in Paderborn ſind erſchienen:
Eine literariſche Haſenjagd oder Methode, wie ein gewiſſenhafter Polemiker wider die katholiſche Kirche Heiligenbilder
zurecht macht, verrathen durch Ludwig Clarus. 8⁰. 124 Seiten. Geh. 10 Sgr.
Die Standeswahl. Ein Handbuch für Prieſter, chriſtliche Eltern und die reifere Jugend von P. Damanet, S. J. Auf Er⸗
ſuchen des Verfaſſers in deutſcher Sprache bearbeitet von Hermann Joſeph von Fugger⸗Glött, Prieſter
der Geſellſchaft Jeſu. 8⁰. XI u. 368 Seiten. Geh. 25 Sgr.
Beiträge zur Geſchichte und Erklärung der Kirchenhymnen. Mit beſonderer Rückſicht auf das
römiſche Brevier. Von Dr. Joh.
Kayſer, Profeſſor an der philoſ.⸗theol. Lehranſtalt zu Paderborn. Erſtes Heft. Gr. 8⁰. VIII u. 160 S. Geh. 17½ Sgr.
Verlag der Fr. Hurter’ſchen Buchhandlung in Schaffhauſen.
Die katholiſchen Kanzelredner Deutſchlands ſeit den letzten drei Jahrhunderten. Als Beitrag zur Geſchichte
der deutſchen Kanzelberedſamkeit, ſowie als Material zur prak⸗
tiſchen Benutzung für Prediger. Von Dr. Joh. Nep. Briſchar. Erſter Band. Die Kanzelredner des 16. Jahrhun⸗
derts. fl. 4. 48. Rthlr. 2. 24. Fr. 10.
In erſter Linie iſt dieſes Werk ganz entſchieden ein Bibliothekswerk, da es zum erſten Male eine Geſchichte der deutſchen katholiſchen
Kanzelberedſamkeit giebt, die bisher ein völlig unbekanntes Feld, deren Träger durchaus ignorirt waren.
Damit verbindet der Verfaſſer einen weitern ganz praktiſchen Zweck, indem er aus dieſem reichen Schatze der deutſchen Predigt der
drei letzten Jahrhunderte das Werthvollſte und Bedeutendſte heraushebt und zu einer homiletiſchen Fundgrube für die Gegenwart macht.
Ein reicherer Schatz alter gediegener Predigten, paſſend für alle Bedürfniſſe der Gegenwart, iſt gar nicht denkbar.
Somit empfehlen wir dieſes Werk der Theilnahme der geſammten Geiſtlichkeit recht angelegentlichſt, deren Unterſtützung allein die
Durchführung des von dem Herausgeber angeſtrebten Zieles möglich macht.
Verantw. Redacteur Prof. Reuſch. —Verlag von A. Henry in Bonn. — Druck von Carl Georgi in Bonn.</Unicode>
            </TextEquiv>
        </TextRegion>
    </Page>
</PcGts>
