2206 3126
83 75 152 109 439
627 73 1602 109 Nr. 13 — Theologiſches Literaturblatt — 1866.
2079 75 2142 109 440
71 172 1082 205 und gerechter, als die theologiſche Geſchichtſchreibung der Prote⸗
81 216 1073 250 ſtanten zu ſein pflegt. Für die übernatürliche Weihe und die
77 261 1085 292 kirchliche Größe des Statthalters Chriſti dagegen hat er keinen
80 303 1083 336 Sinn und kein Verständniß. Jener Zauber, mit welchem das
89 346 1082 381 Mittelalter ſeine Päpſte wie mit einem Nimbus umgab, iſt
86 388 1086 421 für ihn längſt durch „die Freiheit des Glaubens und Wiſ⸗
86 432 1079 463 ſens” verflogen, und was er davon erzählt, klingt wie Mär⸗
84 475 1065 508 chen aus goldenen Zeiten, die in das Reich der „Romantik”,
77 517 1077 552 „in das dämmernde und zaubervolle Reich der Phantaſie” ge⸗
87 560 1090 595 hören. Und ſo liebt es denn G. die Bilder der Päpſte bald
72 604 1080 637 mit den ſanften Farben des Mittelalters in überirdiſcher Verklä⸗
68 646 1076 682 rung, bald mit dem grellen Fackellichte der modernen Kritik und
77 690 1076 724 des naturaliſtiſchen Unglaubens zu beleuchten, immer aber durch
74 732 1074 768 den Wechſel der Contraſte den Leſer in Spannung zu verſetzen
81 777 1070 811 und die erſchlaffende Phantaſie neu aufzuregen. In ſeinen Päpſten
61 818 1080 853 ſpiegeln ſich Himmel und Erde, die Harmonie des Ewigen und
81 864 1070 895 die Zerriſſenheit des Irdiſchen, und dieſe Gegenſätze pikant zu
81 906 1074 937 miſchen, den einen durch den andern zu zerſtören und ſo die
81 948 1070 982 Geſchichte zur großen Ironie auf ſich ſelbſt zu machen, darin
74 992 1074 1023 beſteht ſeine Virtuoſität, darin ſeine Romantik, die ſich mit mo⸗
74 1035 1076 1069 derner Blaſirtheit paart. Bei aller künſtlichen Vollendung fehlt
74 1080 1076 1111 es daher doch zuletzt an der künſtleriſchen Weihe, an der erha⸗
74 1122 1071 1155 benen Ruhe, welche die Gegenſätze und Kämpfe der Erde in dem
74 1165 1068 1198 Himmel der göttlichen Ideen ſich verſöhnen läßt. Bei ihm
74 1209 1067 1242 geht durch die Geſchichte ein düſterer, unheimlicher Dualismus,
69 1252 1080 1285 eine Zerklüftung in Gegenſätze, eine zitternde, fieberhafte Unruhe,
66 1294 1074 1327 ein Mangel an Verſöhnung und Frieden. Denn über ihr wölbt
72 1338 1065 1369 ſich kein Himmel, ſondern in ihrem Dunkel ſchleicht das tückiſche
69 1380 1070 1414 räthſelhafte Fatum, und das Höchſte, was ſich von ihr ſagen
74 1422 1076 1456 läßt, iſt, daß ſie eine ſtets ſich gebärende und ſtets ſich ver⸗
77 1464 866 1497 ſchlingende Revolution ohne Anfang und Ende iſt.
162 1505 1002 1542 Hildesheim. H. Hagemann.
332 1587 815 1621 Literariſche Notizen.
80 1633 1067 1686 — Die Polemik, welche durch das „Biſchöfliche Wort” des
74 1690 1074 1726 Biſchofs Martin veranlaßt worden iſt, hat ſich theilweiſe von
63 1735 1071 1770 der Hauptfrage weg auf allerlei fern liegende ſpecielle Punkte ge⸗
63 1780 1065 1813 wendet. Der proteſt. Pfarrer Andreä hat dieſe Richtung zuerſt
71 1824 1074 1855 eingeſchlagen; daß ſeine katholiſchen Gegner auf ſeine Einfälle
62 1863 1084 1900 eingegangen ſind, mag durch locale Verhältniſſe geboten ſein,
71 1909 1071 1942 worüber wir nicht urtheilen können; der Federkrieg kann aber auf
63 1951 1068 1986 dieſe Weiſe bis ins Endloſe ohne nennenswerthen Vortheil für
69 1995 1067 2029 die Klarſtellung der Hauptfragen fortgeſetzt werden. Denn Andreä
59 2037 1077 2073 und ſeines Gleichen werden um ſtets neue Themata nicht verlegen
65 2080 1077 2115 ſein. Die neueſte Schrift von kath. Seite, von Dr. Giefers,
66 2124 1067 2157 behandelt mit großer Erudition drei ſolcher von Andreä geſtellter
65 2166 1065 2202 Themata, „das ungariſche Fluchformular,” die h. Jung⸗
69 2209 1062 2244 frau Synoris und den h. Patroklus. (Paderborn, Schöningh
71 2253 1059 2286 1866, 196 S. 8.) Ueber letztern, deſſen Reliquien in Soeſt ver⸗
59 2295 1064 2328 ehrt werden, hat Giefers ſchon in einer frühern Schrift, „Scheide⸗
65 2338 1059 2371 waſſer”, gehandelt; hier folgt (S. 75—196) die Duplik auf
75 2381 1074 2415 Andreä’s Replik. S. 1—18 wird die Behauptung widerlegt,
1149 172 2142 204 Baronius habe eine Stelle des Chryſoſtomus, in welcher zwei
1146 216 2145 247 Heilige ξυνωρὶς τῶν ἀγίων μαρτύρων, „ein Paar der hei⸗
1143 257 2142 291 ligen Martyrer,” genannt werden, mißverſtanden und aus dem
1152 300 2139 334 ξυνωρίς eine h. Jungfrau Synoris gemacht. Nach der Regel,
1142 345 2133 376 daß, wer behauptet, zu beweiſen hat, hätte, ſcheint uns, die ein⸗
1137 387 2141 420 fache Aufforderung an Andreä, die betreffende Stelle des Baro⸗
1142 430 2141 463 nius zu produciren, genügt, und Giefers nicht den Beweis an⸗
1142 474 2132 507 zutreten gehabt, daß Baronius nichts der Art ſagt. Das „un⸗
1139 517 2132 549 gariſche Fluchformular” iſt bekanntlich ein angebliches Glaubens⸗
1146 559 2139 594 bekenntniß, welches wiederholt bei der Rückkehr von Proteſtanten
1142 603 2136 636 zur Kirche gebraucht worden ſein ſoll. Es iſt zuerſt 1676 von
1142 646 2135 679 dem ungariſchen Prediger Lani, ſeitdem wiederholt veröffentlicht
1136 687 2132 723 und ebenſo oft von katholiſcher Seite für eine verläumderiſche
1142 732 2135 766 Erdichtung erklärt worden. Man braucht daſſelbe eigentlich nur
1143 774 2132 808 zu leſen, um es als einen plumpen Betrug zu erkennen, und
1146 817 2135 853 nichts beweist die Zähigkeit, mit welcher manche Leute die un⸗
1148 862 2139 897 glaublichſten Dinge feſthalten, deutlicher als die Thatſache, daß
1136 904 2138 937 dieſes „Fluchformular” noch in unſerm Jahrhundert wiederholt
1146 946 2132 982 gedruckt und von Streitwolf und Klener ſogar in die Sammlung
1143 990 2132 1024 der ſymboliſchen Bücher der kath. Kirche aufgenommen worden
1136 1032 2141 1066 iſt. Giefers gibt eine ziemlich vollſtändige Ueberſicht über die
1145 1077 2141 1111 Geſchichte dieſer Controverſe. Ich glaube nur, daß ſo intereſſante
1127 1120 2135 1153 geſchichtliche Unterſuchungen, wie dieſe und die über den h. Pa⸗
1133 1164 2148 1197 troklus, ohne weitläufige Polemik gegen einen Gegner wie Andreä,
1140 1206 2144 1240 in der Form einer beſondern Schrift oder eines Aufſatzes in
1133 1248 2138 1282 einer Zeitſchrift eine werthvollere Bereicherung unſerer Literatur
1136 1293 1304 1324 ſein würden.
1158 1329 2138 1366 — Die „Quaestiones in rubricas Breviarii et Missalis
1133 1377 2145 1410 Romani ad usum Seminarii Mechliniensis. Mechliniae, H.
1131 1419 2142 1453 Dessain 1865, enthalten S. I—CLXXX den Text der Rubriken,
1139 1462 2133 1495 wie ſie in jedem Brevier und Miſſal ſich finden, S. 101—108
1140 1503 2135 1537 das Ordinarium Missae mit den Gebeten beim Anlegen der prie⸗
1128 1543 2133 1581 ſterlichen Gewänder und bei der Rückkehr vom Altar. Für die
1146 1588 2136 1623 Quaestiones bleibt ſomit nur der kleinere Theil des Buches
1136 1630 2129 1666 S. 1—100 übrig, und es iſt begreiflich, daß die Rubriken hier
1127 1674 2133 1710 weder eingehend noch vollſtändig zur Beſprechung kommen können,
1127 1717 2132 1753 dieſe vielmehr eine ſehr elementare und lückenhafte ſein muß.
1140 1761 2133 1795 Der Verf. ſelbſt beabſichtigt übrigens auch keine Vollſtändigkeit,
1130 1804 2129 1839 und ſein Zweck ſcheint geweſen zu ſein, den Seminariſten ein
1133 1848 2144 1885 Buch in die Hand zu geben, in welchem ſie ſich vorläufig durch
1133 1890 2135 1924 Selbſtſtudium über die gewöhnlichſten rubriciſtiſchen Fragen orien⸗
1140 1933 2136 1966 tiren können. Den vortrefflichen Werken, womit drei Landsleute
1133 1977 2124 2011 des Verfaſſers, De Herdt, Faliſe und Bonory in den letzten Jahren
1128 2020 2133 2053 die rubriciſtiſche Literatur bereichert haben, können den Quaestio-
1124 2062 1910 2097 nes in keiner Weiſe an die Seite geſtellt werden.
2058 2067 2088 2098 H.
1169 2116 2127 2152 Correſpondenz der Redaction. Nro. 16 und 51: Die Bücher
1133 2154 2129 2188 ſind an Sie abgeſandt. — Nro. 47: Sie haben ja das Buch von
1137 2190 2129 2224 L. erhalten? — Nro. 65: Für Nro. 13 zu ſpät angekommen, für
1130 2226 2129 2260 Nro. 14 in die Setzerei gegeben. — Nro. 103: Nun halten Sie aber
1140 2262 2100 2298 auch Wort. — Nro. 184: Dankend erhalten; ganz einverſtanden.
1136 2307 2139 2341 Mit Nro. 13 iſt das zweite Quartal des Literaturblatts abge⸗
1173 2343 2133 2380 ſchloſſen; wir bitten um rechtzeitige Ernenerung des Abonne⸗
1163 2380 1254 2412 ments.
868 2485 1326 2518 Anzeigen.
101 2544 1071 2575 Im Verlage des Unterzeichneten iſt ſoeben erſchienen und durch
57 2580 944 2611 alle Buchhandlungen des In⸗ und Auslandes zu beziehen:
345 2658 812 2689 Sanct Auguſtinus
537 2698 570 2728 von
281 2739 851 2775 Ida Gräfin Hahn⸗Hahn.
205 2787 921 2821 8⁰. 22 Bog. geh. 1 fl. 48 kr. rh. — 1 Thlr.
101 2833 1059 2869 Wie den drei erſten Bänden, ſo wird auch dieſem, nach einer
62 2871 1071 2905 Unterbrechung von ſieben Jahren erſcheinenden vierten Bande
60 2907 1061 2941 der „Bilder aus der Geſchichte der Kirche” der gleiche un⸗
65 2943 1064 2980 getheilte Beifall in den katholiſchen Leſerkreiſen zu Theil werden,
62 2980 1071 3015 zumal dieſer Band, obſchon nur ein Lebensbild — das des großen
1136 2542 2133 2575 heiligen Auguſtinus! — enthaltend, beinahe eben ſo viel Schö⸗
1127 2578 2135 2611 nes und Erhabenes darbietet, als die drei erſten Bände zuſammen
1133 2616 1287 2649 genommen.
1209 2655 2045 2689 Mainz 1866. Franz Kirchheim.
1317 2718 2133 2752 Unterzeichneter erklärt nochmals, daß die Ausgabe
1131 2742 2129 2790 des Theol. Literaturblattes ganz regelmäßig alle 14
1133 2791 2136 2824 Tage erfolgt und hält derſelbe durch einige Vorfälle ſich ver⸗
1136 2827 2136 2862 pflichtet, die Abonnenten des Blattes, beſonders die in Tirol,
1130 2865 2136 2898 darauf aufmerkſam zu machen, daß es nicht ſein Verſchulden
1133 2902 2124 2934 iſt, wenn das Theol. Literaturblatt einigen Abonnenten unre⸗
1130 2938 2124 2971 gelmäßig oder in der letzten Zeit gar nicht mehr zugekommen iſt.
1212 2979 2042 3013 Bonn im Juni 1866. A. Henry.
212 3033 1979 3070 Verantw. Redacteur Prof. Reuſch. — Verlag von A. Henry in Bonn. — Druck von Carl Georgi in Bonn.
