2217 3130
84 71 161 109 599
632 72 1601 108 Nr. 18 — Theologiſches Literaturblatt — 1866.
2088 71 2157 105 600
86 167 1085 204 Ueberſetzern) und Stücke einer wörtlichen lateiniſchen Ueberſetzung
89 214 1086 249 des griech. Textes (nicht der Itala) und aus der Vulgata. Letz⸗
83 256 1086 291 tere wird Vercellone in ſeiner Variantenſammlung mittheilen.
92 301 1080 334 P. Cozza will die Handſchrift herausgeben. — Vercellone ſchließt
93 345 1083 376 ſeine intereſſante Abhandlung mit der Klage: „Unſer Italien,
80 387 1080 420 welches an literariſchen Denkmälern reicher iſt, als irgend ein
87 430 1092 463 anderes Land der Welt, kann jetzt von den Fremden lernen, wie
89 474 1079 505 wichtig es ſei, der Wiſſenſchaft die Schätze zu ſichern, die ihm
80 514 1088 550 von vergangenen Zeiten vererbt worden ſind. Es iſt freilich
89 559 1080 592 ſchon vieles geſchehen; aber ich glaube, es bleibt noch ſehr viel
77 603 1085 634 zu thun übrig. Die Bibliotheken Italiens und namentlich Roms
93 646 1083 678 ſind ſehr reiche Fundgruben, welche der Wiſſenſchaft unermeß⸗
74 689 1089 720 liche Schätze liefern können. Aber nur zu ſpärlich iſt die Zahl
74 732 1088 763 derjenigen, welche ſich damit eigens beſchäftigen, und noch ſpär⸗
90 774 1076 808 licher die Aufmunterung, welche dieſen Wenigen zu Theil wird.
90 817 1083 850 Die berühmte Vaticaniſche Handſchrift erwartet von uns noch
1148 172 2144 204 immer das Loos, welches andere Nationen der Sinaitiſchen, der
1148 214 2147 247 Alexandriniſchen und ſo vielen andern Handſchriften von gerin⸗
1152 258 2145 291 germ Werthe bereitet haben. Die Amiatiniſche Handſchrift zu
1161 301 2145 334 Florenz, die älteſte lateiniſche Bibel (Vulgata), welche exiſtirt,
1155 343 2150 376 iſt zum Theil ſchon veröffentlicht worden und wird in Kurzem
1155 387 2153 418 vollſtändig veröffentlicht werden, aber von Fremden und außer⸗
1148 428 2160 462 halb unſeres Landes.” — Von dem Codex VII aus dem 5.
1151 471 2154 505 Jahrh., der Stücke des Pent. und Joſ. enthält, gibt jetzt
1142 515 2144 550 Ceriani zu Mailand einen genauen Abdruck heraus ¹). Nach
1164 558 2157 594 Zeitungsnachrichten wäre in Rom endlich auch ein genauer Ab⸗
1151 603 1955 637 druck des Codex Vaticanus in Ausſicht genommen.
1175 662 2150 697 Correſpondenz der Redaction. Nro. 106: Dankend erhalten.
1181 745 2160 780 1) in den Monumenta sacra et profana; tom. 3, fasc. 1 u. 2
1143 783 2151 817 (Mailand 1864. 66) enthalten Gen. 31, 15 bis Lev. 19, 19, mit man⸗
1145 819 1340 853 chen Lücken.
897 903 1351 940 Anzeigen.
170 960 1952 997 In der Herder’schen Verlagshandlung in Freiburg iſt ſoeben erſchienen und durch alle Buchhandlungen zu beziehen:
84 1019 2142 1089 Bibel und Natur. Vorleſungen über die moſaiſche Urgeſchichte und ihr Verhältniß zu
902 1071 2148 1110 den Ergebniſſen der Naturforſchung. Von Dr. F. Heinrich Reuſch.
389 1113 1860 1147 Zweite, umgearbeitete Auflage. 8⁰. (XII u. 496 S.) Preis: Thl. 1. 20 Sgr. — fl 2. 48 kr.
125 1150 2141 1183 Der „Literariſche Handweiſer” 1866 Nr. 46 ſagt: Bei unſerer früheren Anzeige ſetzten wir das Hauptverdienſt des Buches darein,
71 1186 2148 1219 „daß es auf den Schultern ſeiner ſämmtlichen Vorgänger ſteht, dieſelben durch einſichtige, ſorgfältige und überaus fleißige Benutzung des
74 1221 2147 1255 Beſten, was Exegeſe und Naturwiſſenſchaft in unſerer Frage Neues zu Tage gefördert, überholt, und ſo mit genügender Vollſtändigkeit die
71 1257 2150 1291 Reſultate eigener wie fremder Studien in klarer und gefälliger Darſtellung allen Gebildeten zugänglich macht.” Dieſes Verdienſt gebührt
62 1294 2144 1330 in noch höherem Grade der 2. Auflage, weil das Buch für dieſelbe theils „mit Rückſicht auf neu erſchienene oder dem Verfaſſer erſt in
74 1330 2144 1366 den letzten Jahren bekannt gewordene Schriften”, theils „auf Grund eigener, namentlich exegetiſcher Studien . . . nicht bloß durchgeſehen,
71 1366 2144 1402 verbeſſert und vermehrt, ſondern wirklich umgearbeitet” wurde. Dazu kommen durchgreifende formelle Aenderungen, die wir nicht anſtehen
74 1402 2138 1440 für Verbeſſerungen zu erklären. So iſt das Buch wiederum neu geworden und dieß in einer Weiſe, welche es unter allen gleichartigen
64 1421 928 1472 für den gebildeten Laien zu dem brauchbarſten geſtaltet.”
113 1494 1088 1527 In J. & W. Boifferée’s Buchhandlung in Cöln iſt erſchienen und
68 1530 650 1561 durch alle Buchhandlungen zu beziehen:
80 1578 1080 1638 Hoſanna dem Sohne Davids. Ein Kranz bibliſcher
764 1612 1073 1645 Geſänge aus dem Le⸗
68 1650 1074 1683 ben unſeres Herrn und Heilandes. Von Theophil. 16⁰. 157 S.
65 1687 1017 1720 Geh. 20 Sgr.; in elegantem Leinenbande mit Goldſchn. 1 Thlr.
110 1735 1083 1770 Die in dieſen Geſängen verſuchte Behandlung bibliſcher Stoffe iſt
68 1773 1073 1807 einzig in ihrer Art. Anknüpfend an die Evangelien werden die
66 1809 1076 1843 Wunder des Herrn in höchſt lebendiger poetiſcher Sprache behandelt.
99 1845 1077 1882 Wegen ſeines Inhaltes, der Lebhaftigkeit der Darſtellung, des
71 1882 1080 1918 Schwunges der Sprache ſowie der prächtigen Ausſtattung iſt das
62 1918 1073 1954 Büchlein ganz empfehlenswerth als Geſchenk bei frommen Anläſſen
68 1954 894 1992 und bei Preisvertheilungen in Schulen und Penſionaten.
90 2037 1050 2082 Gold, Weihrauch und Myrrhen.
183 2091 960 2130 Ein vollſtändiges Gebet⸗ und Erbauungsbuch
386 2134 774 2170 für katholiſche Chriſten.
266 2170 894 2209 Von J. Münch, Oberpfarrer in Leſſenich.
65 2209 1068 2245 3. Aufl. XIV u. 464 S. kl. 8. Mit Stahlſtich und geſtochenem Titel.
483 2244 672 2278 Geh. 20 Sgr.
90 2280 1068 2317 Dieſes in echt kirchlichem Geiſte verfaßte und preiswürdig aus⸗
69 2319 1067 2355 geſtattete Gebetbuch zeichnet ſich vor vielen durch ſeine Reichhaltigkeit
62 2353 861 2386 aus, wie aus nachſtehender Eintheilung erſichtlich iſt:
105 2388 1070 2425 Morgenandacht. Abendandacht. Tägliche Gebete. 8 verſch. Meß⸗
63 2425 1068 2460 andachten. Beichtgebete. Communion⸗ und Ablaßgebete. Gebete zum
60 2463 1074 2496 h. Altarsſakramente. Andachten für die 7 Wochentage. Woche der
68 2499 1074 2532 Betrachtung. Andachten für die Zeiten des Kirchenjahres. Andachten
59 2535 1067 2569 zur allerſel. Jungfrau Maria. Gebete zu den Heiligen. Verſchiedene
65 2569 1064 2605 Gebete. Vorbereitung zum Tode. Gebete für die Abgeſtorbenen.
66 2605 1059 2641 Vesper und Complet. Todesangſtbruderschaft. Bruderſchaft von Je⸗
62 2644 1065 2679 ſus, Maria, Joſeph. Freitäg. Faſtenandacht. 54 lateiniſche u. deutſche
68 2680 530 2713 Kirchenlieder. 9 Litaneien u. ſ w.
86 2769 1035 2803 Orgelbegleitung zur Missa defunctorum
194 2820 932 2854 nach cölnischem und römischem Ritus.
68 2854 1058 2892 Von Fr. Koenen, Dirigent des Domchores u. Gesanglehrer
284 2895 896 2929 im Erzb. Priester-Seminar zu Cöln.
347 2934 782 2968 gr. Hoch.-Quart. 22½. Sgr.
1176 1493 2141 1531 In der Fr. Lintz’ſchen Buchhandlung zu Trier erſchien und iſt
1142 1528 1734 1564 durch alle Buchhandlungen zu beziehen:
1148 1581 2141 1641 Betrachtungen für Prieſter oder der Prieſter
1893 1611 2163 1650 geheiligt durch die
1184 1650 2151 1683 Uebung des betrachtenden Gebetes, von P. Chaignon, S. J. Mit
1172 1686 2145 1722 Autoriſation des Verfaſſers aus dem Franzöſiſchen überſetzt von
1173 1722 1358 1756 H. Lenarz.
1239 1766 2058 1803 In 5 Bänden. 1. Band 2te Auflage à Thl. 1. 5 Sgr.
1169 1812 2150 1849 Die erſte Auflage des Originals erſchien 1858 in 6000 Exempl.;
1148 1849 2145 1885 1859 war ſchon eine neue Auflage von 7000 Exempl. nothwendig.
1178 1921 2151 1957 Im Verlage der Expedition des Münchener Sonntagsblattes in
1142 1957 1406 1990 München erſcheint:
1371 2021 1917 2059 St. Joſephsblatt,
1139 2082 2147 2121 illuſtrirte Monatsſchrift für Unterhaltung und Belehrung
1457 2127 1824 2161 des chriſtlichen Volkes.
1172 2176 2138 2212 Dieſes echt volksthümliche Blatt hat ſeit ſeinem Beſtehen eine ſtets
1145 2214 2148 2248 wachſende Theilnahme in ganz Deutſchland gefunden und iſt insbe⸗
1142 2250 2135 2286 ſondere auch eine Lieblingslektüre der Schuljugend geworden. Es er⸗
1140 2286 2135 2322 ſcheint monatlich in einem ſauber gedruckten Oktavbogen mit zahl⸗
1139 2322 2136 2359 reichen Holzſchnitten (die bisher erſchienenen 8 Nummern des heuri⸗
1137 2358 2135 2395 gen Jahrgangs enthalten deren bereits 33) Der ganze Jahrgang
1139 2394 2144 2430 koſtet bei der Poſt und in den Buchhandlungen nur 15 kr. = 5 Sgr. und
1140 2430 2142 2467 kann jederzeit beſtellt und vollſtändig bezogen werden. Die Jahr⸗
1140 2467 1881 2503 gänge 1864 und 1865 ſind à 4 Sgr. zu beziehen.
1239 2571 2025 2610 Münchener Sonntagsblatt,
1160 2622 2121 2664 illuſtrirtes Volksblatt für Unterhaltung und Belehrung,
1496 2670 1776 2706 von Dr. L. Lang,
1124 2718 2141 2755 erſcheint wöchentlich in einem elegant gedruckten Quartbogen mit
1133 2754 2144 2791 einer Beilage und enthält neben zahlreichen Illuſtrationen Erzäh⸗
1136 2791 2132 2830 lungen, geſchichtliche Aufſätze aller Art, Porträts lebender Katholiken
1124 2827 2135 2866 u. ſ. w., die Beilage zahlreiche Mittheilungen aus dem katholiſchen
1127 2863 2132 2902 Leben der Gegenwart. Es kann pro Quartal mit 9 Sgr. in jeder
1136 2899 2141 2938 Buchhandlung, mit 12½ Sgr. bei jeder Poſt beſtellt und vollſtändig
1131 2934 1347 2968 bezogen werden.
213 2981 1988 3028 Verantw. Redacteur Prof. Reuſch. — Verlag von A. Henry in Bonn. — Druck von Carl Georgi in Bonn.
