2201 3067
83 71 152 110 791
608 71 1590 112 Nr. 24 — Theologiſches Literaturblatt — 1866.
2070 79 2133 115 792
75 166 740 199 Mangold, der Römerbrief, von Aberle.
75 204 818 238 Schaff, die Perſon Jeſu Chriſti, von Zukrigl.
74 238 741 273 Schmidt, Nicolaus von Baſel, von Bach.
83 277 1065 310 Stephinsky, die heidn. Claſſiker als Bildungsmittel, von Stie⸗
122 313 276 346 felhagen.
87 351 765 382 Wilkens, Fray Luis de Leon, von Reiſer.
68 388 707 422 Wiskemann, die Sclaverei, von Funk.
113 462 1091 494 Correſpondenz der Redaction. No. 12: Dankend erhalten. —
83 498 1071 531 No. 16: Dank für den freundl. Brief. — No. 47: Dankend erhal⸗
1127 166 2136 207 ten. — No. 56: Beſorgt. — No. 64: Die Bücher abgeſandt. Herzl.
1139 201 2124 243 Dank. — No. 75: Den Art. dankend erhalten, ein Ex. aber nicht;
1137 238 2146 279 die Nummer für R. ſchicke ich Ihnen. Der Dr. hieß Steininger.
1131 276 2124 318 — No. 80: Dankend erhalten; aber Geduld! die Sache bei H. ge⸗
1130 313 2136 351 ordnet. — No. 92: Ihre Ziffer werden Sie jetzt verſtehen. —
1133 351 2139 388 No. 142: Noch nichts? — No. 149: Ein Brief an Sie iſt als un⸗
1130 388 2123 424 beſtellbar an H. zurückgekommen. — No. 164: Das Buch gelegent⸗
1130 426 2139 463 lich zurück, wenn Du keinen Werth darauf legſt. — No. 187: Der
1133 462 1632 501 Bogen ſollte keine Correctur ſein.
872 703 1343 739 Anzeigen.
462 811 1743 848 Verlag der Fr. Hurter’ſchen Buchhandlung in Schaffhauſen.
68 870 2129 937 Das Tridentiniſche Glaubensbekenntniß, durch die heilige Schrift, die Vernunft und die Geſchichte nachge⸗
1130 906 2004 940 wieſen und erläutert von Ludwig Clarus. Zwei Bände.
1753 945 2087 976 fl. 4. 36. Rthlr. 2. 21.
168 990 2130 1021 Der hochwürdigſte Herr Biſchof Conrad von Paderborn ſpricht ſich hierüber aus: „Wir ertheilen dieſem Werke nicht nur gerne
69 1026 2136 1057 das erbetene Imprimatur, ſondern glauben es auch wegen ſeiner Faßlichkeit und Gründlichkeit Allen, welche ein eingehendes Verſtändniß der
72 1063 1392 1096 Lehre unſerer heiligen Kirche gewinnen wollen, recht angelegentlich empfehlen zu dürfen.”
60 1130 1554 1174 Beda, des Ehrwürdigen, Kirchengeſchichte der Angelſachſen.
1592 1105 2136 1140 Als Anhang: Willibald’s Leben
1554 1140 1977 1175 des heil. Bonifacius. Deutſch
174 1180 2087 1213 von Dr. M. Wilden. fl. 2. 30. Rthlr. 1. 12.
164 1227 2132 1258 „Das Buch entwirft ein gar treues und liebliches Bild des kirchlichen Lebens auf der britiſchen Inſel zu der Zeit, wo durch deutſche
74 1266 1464 1296 Stämme die Urfülle deutſcher Kraft geſittet wurde durch den Geiſt der Erlöſung.” (Vorrede.)
68 1330 2103 1372 Leben des Biſchofs W. Arnoldi von Trier. Von Dr. J. Kraft. 36 kr. 10 ngr.
158 1389 2126 1422 Durch die Ausſtellung des heiligen Rockes in Trier iſt Arnoldi eine durch die ganze katholiſche Welt ſo bekannte Perſönlichkeit ge⸗
69 1426 1056 1459 worden, daß Viele ſich für ſein näheres Leben intereſſiren werden.
62 1470 2133 1537 Beichtlehren, oder ſpezielle Behandlung der gewöhnlichen Sünder nach der verſchiedenen äußeren That. Von Prof. Dr. A. Kerſch⸗
383 1507 2087 1543 baumer. kr. 27. ngr. 7½.
894 1586 1293 1622 Leſebüchlein
531 1654 1671 1694 für die Pfarrherren.
864 1710 1331 1747 Drei Theile in einem Band.
525 1747 1670 1788 (Separatausgabe aus Holzwarths Handbüchern für das prieſterliche Leben.)
914 1791 1278 1822 fl. 5. 36. Rthlr. 2. 7½.
161 1833 2127 1869 „Was dieſes „Leſebüchlein” enthält, wollen wir den Pfarrherren und dem Publikum nicht verrathen, ſondern wir wollen die
68 1870 2127 1905 Pfarrherren dringend erſuchen, dieſes für ſie ſpeziell beſtimmte „Leſebüchlein” fleißig zu gebrauchen, und dann dürfen wir ſie
57 1906 2126 1941 verſichern, daß ſofern ſie das Geleſene im Leben beobachten und vollziehen, es in mehr als einem Pfarrhauſe und in mehr als einer
66 1942 2028 1978 Pfarrei mit Hirt und Heerde beſſer ſtehen und gehen wird. (Schweiz. Kirchenztg. Nro. 29.)
140 2046 984 2077 Verlag von Wilhelm Hertz (Beffer’ſche Buchhandlung)
333 2079 789 2113 7. Behrenſtraße. Berlin.
65 2144 1070 2188 Grundriß der Geſchichte der Philoſophie
548 2197 578 2230 von
311 2233 806 2266 Dr. Johann Eduard Erdmann,
117 2269 999 2305 ord. Profeſſor der Philoſophie an der Univerſität zu Halle.
188 2314 962 2347 Zwei Bände gr. 8⁰. Elegant geheftet. Preis 6 Thlr.
59 2350 1055 2383 Erſter Band: Philoſophie des Alterthums und des Mittelalters. (VIII
140 2388 677 2419 und 623 Seiten.) Preis 2⅔ Thaler.
59 2424 1059 2457 Zweiter Band: (verläßt ſoeben die Preſſe) Philoſophie der Neuzeit.
153 2460 767 2494 VIII und 812 Seiten.) Preis 3⅓ Thlr.
102 2502 1059 2536 Anſtatt eines Lehrbuchs für Vorleſungen, an weiches urſprünglich
59 2538 1058 2574 gedacht war, hat der Verfaſſer ein Handbuch gegeben, welches die
57 2574 1061 2610 Geſchichte der Philoſophie von ihren erſten Anfängen bei den Grie⸗
57 2611 1059 2647 chen an bis auf unſere Tage darſtellt. Mit der Aufgabe: zu zeigen,
60 2646 1061 2682 daß jedes wahre Philoſophem eine bleibende Eroberung des denken⸗
66 2682 1058 2718 den Menſchengeiſtes und darum auch für die folgenden Geſchlechter
53 2721 1065 2755 von Bedeutung iſt, ſtellt ſich dieſes Werk die zweite: ſolche Lehren,
56 2757 1052 2791 deren Wichtigkeit nicht genmg gewürdigt zu werden pflegt, ins Ge⸗
66 2793 1065 2826 dächtniß zurückzurufen. Führte das Erſte dazu, die Philoſophie des
56 2829 1058 2863 neunzehnten Jahrhunderts als die Alles zuſammenfaſſende beſonders
56 2866 1064 2899 ausführlich zu behandeln, ſo das Zweite zu einer eingehenden Be⸗
63 2902 1071 2937 handlung der Scholaſtik. Daß hier die Confeſſion des Verfaſſers
1128 2037 2120 2071 nicht zu confeſſioneller Beſchränktheit wurde, iſt von katholiſcher Seite
1118 2074 2132 2106 anerkannt worden. Bemerkt darf werden, daß die Darſtellung nicht
1118 2109 2130 2142 wie gewöhnlich und auch in einem früheren Werk deſſelben Verfaſ⸗
1119 2146 2133 2179 ſers geſchieht, mit Hegels Tode abſchließt, ſondern die wichtigſten
1128 2184 2133 2214 Erſcheinungen im Gebiete der deutſchen Philoſophie während der letz⸗
1127 2217 2126 2250 ten ſieben Luſtra eingehend beſpricht, namentlich den Zerſetzungspro⸗
1121 2256 2007 2289 ceß der Schule, zu welcher der Darſteller ſich ſelber rechnet.
1311 2342 1941 2378 Wichtige theologiſche Neuigkeit!
1154 2401 2114 2434 Im Commiſſionsverlag der Haller’ſchen Verlagsbuchhandlung
1119 2436 2120 2470 in Bern iſt ſoeben erſchienen und durch jede Buchhandlung zu be⸗
1118 2475 1214 2508 ziehen:
1193 2546 2060 2581 Die Einheit in der Verſchiedenheit
1586 2597 1646 2633 oder
1217 2641 2021 2681 die vier Evangelien unſers Herrn Jeſu Chriſti
1125 2692 2117 2731 überſichtlich zuſammengeſtellt nach Luther’s Ueber⸗
1559 2732 1697 2764 ſetzung.
1376 2773 1872 2809 Bearbeitet und herausgegeben von
1551 2824 1686 2854 J. Glinz.
1182 2865 2055 2898 40 Bogen. 8⁰. Elegant broſchirt, Preis 1 Thlr. 10 Sgr.,
1311 2902 1920 2935 in eleg. Leinen gebunden 1 Thlr. 20 Sgr.
197 2971 2070 3010 Verantw. Redacteur Prof. Reuſch. —Verlag von A. Henry in Bonn. — Druck von Carl Georgi in Bonn.
