2213 3157
80 75 143 109 503
620 75 1592 112 Nr. 15— Theologiſches Literaturblatt — 1866.
2070 80 2151 112 504
95 172 1083 208 ſondern ganz Belgien, darf man wohl ſagen, einſtimmig iſt . . .
87 216 1077 252 Neben dieſer Thatſache [der bedeutenden Frequenz der Löwener
87 258 1077 295 Univerſität] ſteht freilich auch die andere, daß es jetzt nach 30⸗
77 301 1073 339 jährigem Wirken kaum möglich iſt, Gelehrte von einiger Bedeu⸗
81 345 1097 382 tung zu nennen, welche aus der Löwener Schule hervorgegangen
80 387 1085 424 wären. Man hat wohl im erſten Anfange deutſche Wiſſenſchaft
86 430 1082 469 zu Hülfe gerufen: Männer wie Arendt, die beiden Möller, Vater
80 474 1076 511 und Sohn, Windiſchmann wurden als Profeſſoren angeſtellt;
84 516 1073 553 aber dieſe ſind nun alle weggeſtorben und nicht mehr erſetzt wor⸗
83 561 1074 597 den; das deutſche Element iſt dort verſchwunden. Unter den
87 606 1083 642 nichtdeutſchen Profeſſoren haben der eben erſt verſtorbene David
75 648 1077 685 und Thoniſſen durch ihre Werke über belgiſche Geſchichte, Perin
84 691 1079 727 als Nationalökonom, Neve durch eine Fülle kleinerer Schriften
75 733 1074 769 und Abhandlungen als Orientaliſt ſich hervorgethan. Im Gan⸗
74 777 1073 811 zen aber ſind der Schriften, welche von Löwener Profeſſoren oder
74 819 1082 855 ihren Zöglingen erſchienen, zu wenige, als daß ſich aus denſelben
71 861 1070 898 ein Schluß ziehen ließe auf den dort herrschenden Geist und Grad
77 906 1076 942 der Wiſſenſchaftlichkeit. Strenge Beurtheiler möchten vielleicht
74 948 1088 985 behaupten, daß ſich auch die belgiſche Literatur überhaupt nur
81 993 1076 1027 negativ charakteriſiren laſſe, ſo nämlich, daß ihre Eigenthümlichkeit
80 1036 1077 1069 beſtehe in der Abweſenheit deutſcher Gründlichkeit und deutſcher
68 1080 1064 1113 Kritik und in der Abweſenheit franzöſiſcher Formgewandtheit,
72 1122 1065 1156 Eleganz und Durchſichtigkeit. Indeß iſt doch nicht zu überſehen,
68 1165 1086 1201 daß Belgien jetzt im Gebiete der eigenen Landesgeſchichte eine Reihe
68 1209 1073 1243 ſehr tüchtiger, auch höhern Anforderungen entſprechender Leiſtun⸗
71 1251 1085 1287 gen aufzuweiſen hat. Und auch in andern Gebieten wären doch
69 1290 1062 1330 immer einzelne ehrenvolle Ausnahmen namhaft zu machen. —
69 1338 1071 1372 Bekanntlich hat das in ſeiner Weiſe lockende Beiſpiel der gelun⸗
74 1380 1070 1417 genen Löwener Univerſität einige Männer in Deutſchland bewo⸗
69 1422 1064 1458 gen, etwas Aehnliches, d. h. eine bloß biſchöfliche und jedem Ein⸗
74 1464 1084 1500 fluſſe der Staatsgewalten entzogene Hochſchule auch auf deut⸗
74 1506 1076 1543 ſchem Boden gründen zu wollen. Man möge nur nicht ver⸗
74 1548 1073 1590 geſſen, daß in Deutſchland völlig verſchiedene Zuſtände, eine
65 1591 1064 1630 entgegengeſetzte Geſetzgebung beſteht, und daß, ſo lange dieſe nicht
74 1635 1058 1672 von Grund aus geändert wird, der Erfolg eines ſolchen Unter⸗
74 1675 1083 1717 nehmens mehr als zweifelhaft iſt. In Belgien iſt die Geſetz⸗
80 1722 1073 1759 gebung über den Unterricht, wie die ganze Verfaſſung, aus einem
72 1767 1061 1804 tiefen Mißtrauen gegen die, oberſte Regierungsgewalt hervorge⸗
75 1809 1064 1846 gangen, und die Entlaſſung des Unterrichtsweſens aus dem
71 1854 1055 1888 Staatsverbande hat dort zu einem argen Verfalle der Volksſchulen
68 1893 1079 1935 zu ſteigender Unwiſſenheit der niedern Claſſen, zur Verſchlechterung
1146 170 2141 210 der Mittelſchulen oder Gymnaſien und zu einem ſich immer
1142 216 2145 253 erneuernden, mit großer Erbitterung verknüpften Kampfe geführt,
1146 258 2139 295 deſſen Ende noch gar nicht abzuſehen iſt.” — Unter de Rams
1151 301 2142 339 ſchriftſtelleriſchen Arbeiten werden ſeine „ſtoffreichen” Analekten zur
1142 343 2147 384 Geſchichte der alten Univerſität Löwen beſonders beſprochen; zum
1139 388 2138 424 Schluſſe heißt es: „Er war kein großer, einen weiten Wiſſens⸗
1142 432 2148 468 kreis umfaſſenden Gelehrten; es läßt ſich kein einziges Buch von
1142 474 2138 511 nur einigem Werthe von ihm anführen; aber er besaß in nicht
1143 517 2142 555 gewöhnlichem Maße die Kenntniß der belgiſchen Geſchichte, der
1136 562 2147 598 kirchlichen, politiſchen und literäriſchen, und er war auch hier
1145 606 2155 642 ein unermüdet fleißiger Sammler und Herausgeber. Die akade⸗
1136 648 2135 685 miſchen Publicationen Belgiens enthalten eine Menge von hiſtori⸗
1148 690 2138 727 ſchen Notizen und kleinern Abhandlungen von ſeiner Hand. An
1146 732 2139 771 einer Belgia sacra hat er lange gearbeitet. Seine wichtigſte
1140 775 2132 816 hiſtoriſche Leiſtung war die ſorgfältige Ausgabe der für die bel⸗
1143 819 2138 856 giſche Geſchichte des 15. Jahrhunderts ſo ausgiebigen Chronik von
1134 860 2136 901 Dinter. Hoffentlich wird aus ſeinem Nachlaſſe noch manche ge⸗
1137 905 1926 940 ſchichtliche Perle ans Licht gezogen werden können.”
1131 960 2136 999 Die folgenden Nummern werden u. a. enthalten Artikel über:
1139 997 2132 1036 Allies, the formation of Christendom, von H. Hagemann.
1134 1035 1922 1069 Dümmler, Auxilius und Vulgarius, von Hefele.
1131 1071 2110 1108 Garrucci, Dissertazioni archeologiche, von F. X. Kraus.
1133 1108 1889 1144 Stabell, Lebensbilder der Heiligen, von Keſſel.
1137 1146 2052 1182 Stöckl, Geſchichte der Philoſophie, 2. Band, von Werner.
1184 1199 1977 1234 Ferner ſind zur Beſprechung in Ausſicht genommen:
1134 1243 1856 1279 Friedrich, das wahre Zeitalter des h. Rupert.
1130 1279 1916 1315 Guizot, Meditations sur la religion chrétienne.
1125 1317 1920 1354 Kugler, Studien zur Geſchichte des 2. Kreuzzugs.
1134 1353 1607 1386 Wilkens, Fray Luis de Leon.
1166 1402 2136 1441 Correſpondenz der Redaction ⁸⁄₇ — Nro. 60: Die Bücher
1134 1443 2132 1479 ſind an Sie abgeſandt. — Nro. 64: Verbindlichſten Dank. — Nro.
1124 1477 2136 1515 75: Richtig erhalten, wird bald zurückgeſendet. — Nro. 82: Dan⸗
1124 1513 2133 1551 kend erhalten. — Nro. 94: G. an Sie abgeſandt. Artikel über W.
1125 1548 2151 1585 erhalten. Für die Mittheilungen meinen Dank. — Nro. 149:
1125 1585 2133 1621 Brief erhalten? — Nro. 154: Noch immer nichts? — Nro. 184:
1137 1620 2133 1660 Dankend erhalten. Das Blatt erſcheint ſo regelmäßig wie bisher:
1134 1657 1841 1693 Sie haben doch die frühern Nummern erhalten?
1182 1710 2138 1749 Die Herren Verlagsbuchhändler werden gebeten, Recen⸗
1124 1750 2133 1785 ſionz⸗Exemplare von neuen theologiſchen und verwandten Büchern
1125 1786 2136 1822 und Broſchüren möglichſt früh durch Herrn A. Henry an die
1133 1825 2138 1858 Redaction gelangen zu laſſen, — Predigten, Erbauungsbücher, Volks⸗
1134 1861 2139 1896 ſchriften, Gedichte u. dgl. und Bücher, die vor 1866 erſchienen ſind,
1124 1899 1413 1930 nur auf Verlangen.
878 1985 1331 2020 Anzeigen.
105 2036 356 2068 So eben erſchien:
513 2075 627 2106 Kleines
320 2148 812 2188 Cöthener Gebetbuch
542 2201 597 2232 von
359 2253 758 2292 J. P. Devis, S. J.
510 2303 614 2341 Auszug
245 2355 893 2391 aus dem Gebet⸗ und Erbauungsbuch
383 2394 744 2428 von demſelben Verfaſſer.
311 2439 822 2473 Mit 1 Stahlſtiche und farbigem Titel.
207 2481 924 2518 38 Bogen Taſchen⸗Format auf weißem Papier.
404 2532 708 2565 Ladenpreis 17 Sgr.
104 2569 1064 2607 Die Taſchen⸗Ausgabe erfüllt den oft und allſeitig geäußerten
69 2605 1068 2643 Wunſch, das berühmte und allgemein als das beſte anerkannte
57 2643 1073 2680 Gebetbuch, unter dem Titel: „Cöthener Gebet⸗ und Erbauungsbuch
57 2679 1079 2719 von J. P. Devis, S. J.” in einem kleineren und bequemeren For⸗
66 2724 287 2755 mat zu erhalten.
93 2753 1071 2791 Der reiche Inhalt iſt weſentlich derſelbe geblieben, nur wenig iſt
56 2791 956 2827 ausgeſchieden, Vieles vereinfacht und zweckmäßiger vertheilt.
183 2840 1025 2877 Coppenrath’ſche Buchhandlung in Münſter.
90 2905 1062 2941 In der Joſ. Köſel’ſchen Buchh. in Kempten iſt erſchienen und
68 2946 636 2979 durch alle Buchhandlungen zu beziehen:
57 2986 1011 3025 Breviarium romanum. 4 Bände. 8. 6 Thlr. 15 Sgr. od. 11 Fl.
375 3024 1061 3061 — — in 1 Bande. 8. 3 Thl. 6 Sgr. od. 5 Fl. 24 Kr.
1130 2032 2126 2067 Cantus ecclesiasticus sacrae historiae Passionis D. N. I. Ch. fol.
1202 2067 1592 2101 1 Thlr. oder 1 Fl. 48 Kr.
1130 2106 2130 2139 Euchologium graeco-latinum, complectens pias preces, medita-
1199 2142 2132 2176 tiones hymnosque sacros. Complectens Dr. L. C. Gratz.
1199 2176 1704 2211 2 Aufl. 8. 15 Sgr. oder 48 Kr.
1128 2214 2147 2250 Gratz, Dr L. C., Erd⸗ und Länderkunde der h. Schrift. gr. 12.
1206 2250 1508 2284 14 Sgr. oder 42 Kr.
1124 2287 2137 2320 Hafner, geiſtliches Andenken. Ein Gebet⸗ und Erbauungsbuch
1197 2322 2132 2356 für das kath. Volk. gr. 12. Zweite Aufl. 16 Sgr. oder 54 Kr.
1128 2361 2130 2394 Horae diurnae Breviarii romani. 18. 25 Sgr. oder 1 Fl. 21 Kr.
1658 2395 2127 2430 — — — — 8. 1 Thlr. 24 Sgr. oder 3 Fl.
1127 2434 2133 2467 Jais, guter Samen auf ein gutes Erdreich. Ein Lehr⸗ und Gebet⸗
1211 2470 1581 2502 buch. 9 Sgr. oder 30 Kr.
1128 2506 2130 2539 Köpf, Paläſtina, oder topogr. Darſtellung des bibliſchen Schau⸗
1200 2542 2142 2575 platzes, verbunden mir einer Welt⸗ und Religionsgeſchichte. Mit
1199 2578 2087 2611 3 Landkarten. gr. 8. 1 Thlr. 3 Sgr. oder 1 Fl. 54 Kr.
1124 2613 2132 2649 Missale romanum. fol. 1865. 6½ Thlr. oder 11 Fl. — mit
1202 2652 2127 2685 dem prachtvollen chromolithogr. Titelbilde 8½ Thlr. oder 14 Fl.
1124 2688 1863 2721 Missae Defunctorum. fol. 15 Sgr. oder 54 Kr.
1119 2725 2127 2760 Officium hebdomadae sanctae secundum Missale et Brev. rom.
1184 2758 1652 2793 8. 1 Thlr. oder 1 Fl. 36 Kr.
1118 2796 2120 2830 Vademecum pierum sacerdotum, sive Exercitia et Preces in
1200 2832 2127 2866 usum sacerdotum tum religiosorum tum saecularium se-
1200 2871 2121 2904 lectae. Nova editio, recognita atque appendice et indice
1205 2907 1824 2940 aucta. 1866. 24. 15 Sgr. oder 48 Kr.
1125 2946 2127 2983 Sämmtliche Werke der Kirchenväter, aus dem Urtexte in das
1197 2983 2127 3019 Deutſche überſetzt. Dritte Auflage. 39 Bände gr. 8. Preis
1196 3023 1777 3057 per Band 27 Sgr. oder 1 Fl. 30 Kr.
191 3078 1985 3114 Verantw Redacteur Prof. Reuſch. —Verlag von A. Henry in Bonn. — Druck von Carl Georgi in Bonn.
