2205 3060
62 73 143 109 119
620 73 1596 110 Nr. 4 — Theologiſches Literaturblatt— 1866.
2070 79 2142 112 120
120 168 1079 205 Ganz einverſtanden muß man mit dem in den letzten Zeilen
75 211 1083 247 der Praefatio ausgeſprochenen Wunſche ſein, daß ſo viele noch
65 256 1077 291 unbekannte Schätze der ſyriſchen Literatur an’s Licht gefördert
75 300 1079 334 werden möchten und daß eine neue Ausgabe und lateiniſche Ueber⸗
78 345 1086 378 ſetzung Ephräms beſorgt werde. Namentlich verdient es der h.
71 388 1071 421 Jakob von Sarug, nach Ephräm der bedeutendſte ſyriſche Kirchen⸗
75 430 1068 463 vater, ganz herausgegeben zu werden, weil er ein geiſtvoller Aus⸗
68 474 1086 510 leger und Redner iſt, zudem auch werthvolle Beiträge zur Kenntniß
69 514 494 550 der ſyriſchen Poeſie enthält.
108 559 1077 592 Die Ausſtattung des Buches iſt ſchön; die ziemlich große An⸗
69 600 1071 637 zahl Druckfehler (S. 105—107) findet ihre Entſchuldigung in
62 645 1064 681 der Abweſenheit des Verf. vom Druckorte (Leipzig). Der Laden⸗
69 688 1080 723 preis dieſes erſten Theils (2 Thlr. 12 Sgr.) iſt für ein Schul⸗
72 732 1070 765 buch etwas hoch angeſetzt, beſonders wenn auch das Lexicon eben⸗
59 774 1077 810 ſoviel oder noch höher zu ſtehen kommt. [Rödigers Chreſtoma⸗
72 819 1070 852 thie, 139 S. Text, 102 S. Paradigmen und Gloſſar, koſtet
69 861 317 895 nur 1¼ Thlr.)
159 911 273 944 Meran.
626 908 992 947 P. Pius Zingerle.
326 1043 807 1081 Literariſche Notizen.
103 1133 1070 1168 — In dem 1. Hefte des Jahrg. 1866 der Tübinger „Theo⸗
68 1179 1073 1213 logiſchen Quartalſchrift” veröffentlicht Hefele mit einigen Er⸗
74 1221 1064 1255 läuterungen die Bulle Clemens’ V. vom 22. März 1312, wo⸗
68 1266 1068 1299 durch der Templerorden aufgehoben wurde, und eine gleichfalls
71 1308 1074 1341 auf die Aufhebung des Ordens bezügliche Bulle vom 6. Mai
71 1350 1077 1383 1312. Die erſte iſt den Gelehrten, die ſich mit der Geſchichte
62 1390 1076 1423 des Ordens beſchäftigt haben, wie Havemann und Wilcke, gar
71 1434 1065 1467 nicht, die zweite nicht vollſtändig bekannt geweſen. Beide Bullen
59 1476 1080 1510 hat P. Pius Gams in einem in Deutſchland kaum bekannt
65 1519 645 1555 gewordenen ſpaniſchen Werke entdeckt.
102 1557 1061 1596 — Von Ewalds „Jahrbüchern der bibliſchen Wiſſenſchaft”
56 1606 1076 1639 iſt eben die zweite Hälfte des 12. erſchienen; es wird jetzt nur
71 1648 1067 1683 noch ein Regiſter zu den 12 Bänden folgen. Das letzte Heft
57 1692 1070 1726 enthält außer einigen unbedeutenden bibliſchen Aufſätzen Artikel
69 1737 1067 1768 über den Proteſtantenverein und die Eiſenacher Kirchenregiments⸗
72 1781 1068 1812 conferenzen und ein „Sendſchreiben an den König von Preußen
63 1823 1064 1855 in der chriſtlichen Sache Schleswig⸗Holſteins,” mit einem Ent⸗
56 1866 1071 1902 wurf einer Bundesreform. In einer Anmerkung zu dieſem
1142 172 2145 207 Sendſchreiben S. 128 werden wir belehrt: „Wenn die Iren
1146 216 2148 250 jetzt nicht in derſelben Stufe wie die gleichem Blute entſproſſenen
1149 258 2139 294 Schotten und Walliſer mit der engliſchen Herrſchaft zufrieden
1145 300 2145 336 ſind, ſo ſteckt nichts als der Papismus dahinter.” Was das
1139 344 2141 382 alles mit der bibliſchen Wiſſenſchaft zu thuen hat, vermag Ref.
1143 387 1364 421 nicht zu ſagen.
1238 430 2142 469 — Wenn Puſey in ſeinem Eirenicon die Anſicht ausſpricht,
1145 472 2132 508 die rationaliſtiſche Behandlung der h. Schrift im Geiſte Colen⸗
1145 514 2141 553 ſo’s und der Essays and Reviews habe in der engliſchen Kirche
1133 559 2136 597 keine Zukunft, ſo ſpricht dagegen die Thatſache, daß immer mehr
1137 601 2129 640 exegetiſche Schriften von anglicaniſchen Geiſtlichen erſcheinen, welche
1131 645 2142 684 die Anſichten der deutſchen Rationaliſten vertreten, ſo in den
1140 687 2144 727 letzten Wochen von Desprez über das B. Daniel, von Hough⸗
1133 730 2144 769 ton über das hohe Lied, von Rowland Williams, einem
1136 773 1673 808 der Eſſayiſten, über die Propheten.
1134 820 2133 858 Die folgenden Nummern werden außer den früher angekündigten
1170 855 1647 891 Arbeiten enthalten Artikel über
1146 898 2028 938 Holzwarth, Abfall der Niederlande, von P. Beckmann.
1131 937 2016 975 Koerber, S. Irenaeus de gratia sanctif., von Simar.
1143 972 2142 1015 Permaneder, Handb. d. Kirchenr., her. v. Silbernagl, von Gitzler.
1133 1011 2049 1053 Reinke, Beitr. zur Erkl. des A. T. VII. Bd., von Reuſch.
1143 1047 1947 1086 Sederholm, zur Religionsphilosophie, von Kuoodt.
1124 1084 2009 1125 Toſi, Vorleſungen über den Syllabus, von Dieringer.
1131 1122 1953 1158 Wittſtock, Encyclop. der Pädagogik, von E. Göbel.
1181 1167 1980 1206 Ferner ſind zur Beſprechung in Ausſicht genommen:
1131 1203 1732 1237 Lamy, Introductio in s. scripturam.
1133 1242 1872 1273 Patiß, Leben des Gottmenſchen Jeſus Chriſtus.
1140 1278 1863 1309 Pfau, Die ſociale Frage in Verh. z. Chriſtenth.
1124 1315 1907 1348 Roſenthal, Convertitenbilder aus dem 19. Jahrh.
1124 1348 1799 1384 Schrader, Theses theologicae, S. IV. V.
1124 1384 1565 1420 Sepp, Geſchichte der Apoſtel.
1124 1420 1877 1455 Tischendorf, Apocalypses apocryphae.
1167 1461 2135 1500 Correſpondenz der Redaction. Nro. 45: Noch immer nichts?
1187 1498 2142 1538 — Nro. 56: Kreuzband erhalten? — Nro. 62: Die Bitte in der
1142 1534 2139 1575 Nachſchrift kam zu ſpät. Im Uebrigen bleibt die fragliche Provinz
1131 1572 2129 1609 Ihrer Obhut vorbehalten und beſtens empfohlen. — Nro. 63: Haben
1133 1608 2133 1645 Sie Ihre Abſicht hinſ. D. aufgegeben? — Nro. 75: Ganz ſtumm?
1134 1641 2145 1681 — Nro. 149: Dankend erhalten. — Nro. 184: Dankend erhalten.
1140 1677 1736 1714 — P. B. Z. in M.: Dankend erhalten.
1179 1719 2138 1755 Die Herren Verlagsbuchhändler werden gebeten, Recen⸗
1137 1756 2141 1794 ſions⸗Exemplare von neuen theologiſchen und verwandten Schrif⸗
1131 1794 2141 1828 ten möglichſt früh durch Herrn A. Henry an die Redaction ge⸗
1136 1831 2144 1867 langen zu laſſen. — Predigten, Erbauungsbücher u. dgl. und Bücher,
1125 1867 1863 1900 die vor 1866 erſchienen sind, nur auf Verlangen.
875 2050 1335 2090 Anzeigen.
101 2150 1076 2185 Im Verlage von Mayer & Comp. in Wien ſind ſo eben er⸗
65 2193 834 2229 ſchienen und durch jede Buchhandlung zu beziehen:
68 2243 1064 2282 Hodegus Seminaristarum. Auctore H. Dubois. Ex idiomate gallico
107 2290 1073 2330 in latinum translatus. 6 Bog. 8 Broch. Pr.: 40 kr. od. 9 Sgr.
63 2344 1064 2383 Patiß, P. Georg, Das A, B, C der Scholaſtik. 38 S. gr. 8.
101 2390 594 2426 Broſch. Pr.: 36 kr. od. 7½ Sgr.
59 2445 1073 2479 Schrader, P. Clemens S. J. Theses Theologicae quas in Vindobo-
99 2490 1074 2523 nensi academia synopsis instar auditoribus tradidit. Series
99 2534 1074 2571 quinta. Accedit de gratia actuali commentarius. 8 Bog.
95 2580 644 2614 kl. 4. Broch. Pr. 1 fl. od. 20 Sgr.
177 2641 746 2680 Früher erſchienen in gleichem Verlage:
54 2695 1068 2728 Geiſtliche Uebungen in der Einſamkeit von acht Tagen, nach Text
95 2731 1071 2766 und Methode des h. Ignatius. Mit einem Triduum für
102 2769 1074 2803 Prieſterexercitien. Von einem Prieſter der Geſellſchaft Jeſu.
107 2806 521 2841 1862. Broſch. Pr.: 12 Sgr.
66 2857 1077 2893 Schmude, P. Theodor S. J. Erinnerungsblätter an die geiſtlichen
93 2898 1068 2931 Exercitien des h. Ignatius. 1861. Broſch. Pr.: 50 kr. od. 12 Sgr.
1359 2150 1929 2188 Neueſte Faſtenpredigten.
1169 2215 2145 2250 Bei Mayer & Comp. in Wien und durch alle Buchhandlungen
1131 2251 1307 2287 zu beziehen:
1134 2304 2145 2338 Ricker, P. Anſelm, O. S. B., Via dolorosa oder Kreuzweg des Herrn,
1166 2341 2126 2374 dargeſtellt in 14 Predigten, mit einer Schlußbetrachtung am Oſter⸗
1170 2380 2139 2410 montag, gehalten in der heil. Faſtenzeit. 1864. 8. 11 Bog. Broſch.
1176 2415 2145 2449 Pr.: 20 Sgr. (Der Ertrag iſt als Peterspfennig für
1160 2452 1637 2485 den heil. Vater beſtimmt.)
1128 2505 2148 2536 Wieſinger, Albert, Die ſechs Sünden wider den h. Geiſt.
1152 2541 2133 2575 Dargeſtellt nach dem Leben der Gegenwart. 7 Bog. gr. 8. Broſch.
1176 2578 1563 2613 Pr.: 72 kr. od. 13½ Sgr.
1238 2638 1814 2674 Ferner erſchienen in gleichem Verlage:
1136 2692 2130 2725 Patiß, P. Georg, Geſchichte der bibliſchen Offenbarung Gottes.
1169 2728 2132 2764 1ſter Band. Altes Teſtament. 8. 483 S. Pr.: 28 Sgr.
1160 2766 2133 2799 2ter Band. Neues Teſtament. 8. 300 S. Pr.: 20 Sgr.
1133 2818 2129 2853 Patiß, P. Georg, Das Leben des Gottmenſchen Jeſus Chriſtus,
1173 2856 2133 2890 des Erlöſers der Welt, in ſeinen ſieben großen Geheimniſſen dar⸗
1163 2893 2142 2928 geſtellt. 45 Bog. gr. 8. Broſch. Preis: 4 fl. oder 2 Thlr. 24 Sgr.
195 2963 2016 3004 Verantw. Redacteur Prof. Reuſch. — Verlag von A. Henry in Bonn. — Druck von Carl Georgi in Bonn.
