<?xml version="1.0" encoding="UTF-8" standalone="yes"?>
<PcGts xmlns="http://schema.primaresearch.org/PAGE/gts/pagecontent/2013-07-15" xmlns:xsi="http://www.w3.org/2001/XMLSchema-instance" xsi:schemaLocation="http://schema.primaresearch.org/PAGE/gts/pagecontent/2013-07-15 http://schema.primaresearch.org/PAGE/gts/pagecontent/2013-07-15/pagecontent.xsd">
    <Metadata>
        <Creator>prov=University of Rostock/Institute of Mathematics/CITlab|PLANET AI GmbH/Gundram Leifert/gundram.leifert@planet-ai.de:name=Noscemus GM 3.0(htr_id=26395)::::v=2.6.7
prov=University of Rostock/Institute of Mathematics/CITlab|PLANET AI GmbH/Tobias Gruening/tobias.gruening@planet-ai.de:name=de.uros.citlab.module.baseline2polygon.B2PSeamMultiOriented:v=2.6.7
prov=University of Rostock/Institute of Mathematics/CITlab|PLANET AI GmbH/Tobias Gruening/tobias.gruening@planet-ai.de:name=/net_tf/LA73_249_0mod360.pb:de.uros.citlab.segmentation.CITlab_LA_ML:v=2.6.6
Transkribus</Creator>
        <Created>2020-11-23T14:11:25.111+01:00</Created>
        <LastChange>2021-05-11T09:19:58.727+02:00</LastChange>
        <TranskribusMetadata docId="543314" pageId="22811448" pageNr="9" tsid="57717730" status="GT" userId="68000" imgUrl="https://files.transkribus.eu/Get?id=OQKAFPAKXUELRMZAKRLSBSPF&amp;fileType=view" xmlUrl="https://files.transkribus.eu/Get?id=IXEUFUVUWYEJEPIKASIUGGMF" imageId="17787067"/>
    </Metadata>
    <Page imageFilename="thlblb_1866_00022.tif" imageWidth="2232" imageHeight="3064">
        <ReadingOrder>
            <OrderedGroup id="ro_1626327766192" caption="Regions reading order">
                <RegionRefIndexed index="0" regionRef="TextRegion_1617778339276_215"/>
                <RegionRefIndexed index="1" regionRef="TextRegion_1617778348734_220"/>
                <RegionRefIndexed index="2" regionRef="TextRegion_1617778348728_219"/>
            </OrderedGroup>
        </ReadingOrder>
        <TextRegion orientation="0.0" id="TextRegion_1617778339276_215" custom="readingOrder {index:0;}">
            <Coords points="54,50 2184,66 2183,141 54,141"/>
            <TextLine id="r1l1" custom="readingOrder {index:0;}">
                <Coords points="93,100 138,100 138,70 93,70"/>
                <Baseline points="93,90 138,90"/>
                <TextEquiv>
                    <Unicode>25</Unicode>
                </TextEquiv>
            </TextLine>
            <TextLine id="r1l2" custom="readingOrder {index:1;} textStyle {offset:8; length:28;fontSize:0.0; kerning:0; bold:true;}">
                <Coords points="636,111 685,114 734,115 784,118 833,118 882,120 932,121 981,123 1030,123 1080,123 1129,124 1178,124 1228,124 1277,124 1326,124 1376,124 1425,126 1474,126 1524,126 1573,127 1623,127 1623,97 1573,97 1524,96 1474,96 1425,96 1376,94 1326,94 1277,94 1228,94 1178,94 1129,94 1080,93 1030,93 981,93 932,91 882,90 833,88 784,88 734,85 685,84 636,81"/>
                <Baseline points="636,101 685,104 734,105 784,108 833,108 882,110 932,111 981,113 1030,113 1080,113 1129,114 1178,114 1228,114 1277,114 1326,114 1376,114 1425,116 1474,116 1524,116 1573,117 1623,117"/>
                <TextEquiv>
                    <Unicode>Nr. 1 — Theologiſches Literaturblatt — 1866.</Unicode>
                </TextEquiv>
            </TextLine>
            <TextLine id="r1l3" custom="readingOrder {index:2;}">
                <Coords points="2121,133 2151,136 2181,133 2181,103 2151,106 2121,103"/>
                <Baseline points="2121,123 2151,126 2181,123"/>
                <TextEquiv>
                    <Unicode>26</Unicode>
                </TextEquiv>
            </TextLine>
            <TextEquiv>
                <Unicode>25
Nr. 1 — Theologiſches Literaturblatt — 1866.
26</Unicode>
            </TextEquiv>
        </TextRegion>
        <TextRegion orientation="0.0" id="TextRegion_1617778348734_220" custom="readingOrder {index:1;}">
            <Coords points="54,141 1121,141 1121,3016 59,3016"/>
            <TextLine id="r1l4" custom="readingOrder {index:0;}">
                <Coords points="98,195 148,196 198,196 249,198 299,199 350,201 400,203 451,204 501,207 552,208 602,210 652,213 703,214 753,216 804,217 854,218 905,219 955,220 1006,220 1056,220 1107,219 1107,189 1056,190 1006,190 955,190 905,189 854,188 804,187 753,186 703,184 652,183 602,180 552,178 501,177 451,174 400,173 350,171 299,169 249,168 198,166 148,166 98,165"/>
                <Baseline points="98,185 148,186 198,186 249,188 299,189 350,191 400,193 451,194 501,197 552,198 602,200 652,203 703,204 753,206 804,207 854,208 905,209 955,210 1006,210 1056,210 1107,209"/>
                <TextEquiv>
                    <Unicode>wirklich das Todesurtheil über Jeſus gefällt hätten. Denn Jeſus</Unicode>
                </TextEquiv>
            </TextLine>
            <TextLine id="r1l8" custom="readingOrder {index:1;}">
                <Coords points="95,238 145,240 196,240 246,241 297,243 347,244 398,246 448,247 499,249 549,252 600,253 651,255 701,256 752,258 802,259 853,261 903,262 954,262 1004,262 1055,262 1106,262 1106,232 1055,232 1004,232 954,232 903,232 853,231 802,229 752,228 701,226 651,225 600,223 549,222 499,219 448,217 398,216 347,214 297,213 246,211 196,210 145,210 95,208"/>
                <Baseline points="95,228 145,230 196,230 246,231 297,233 347,234 398,236 448,237 499,239 549,242 600,243 651,245 701,246 752,248 802,249 853,251 903,252 954,252 1004,252 1055,252 1106,252"/>
                <TextEquiv>
                    <Unicode>ſei dann ja nur verurtheilt worden, weil er ſich für den „Sohn</Unicode>
                </TextEquiv>
            </TextLine>
            <TextLine id="r1l10" custom="readingOrder {index:2;}">
                <Coords points="95,274 145,277 195,279 246,282 296,284 347,286 397,288 448,291 498,293 549,295 599,297 649,298 700,300 750,301 801,303 851,304 902,304 952,306 1003,306 1053,306 1104,306 1104,276 1053,276 1003,276 952,276 902,274 851,274 801,273 750,271 700,270 649,268 599,267 549,265 498,263 448,261 397,258 347,256 296,254 246,252 195,249 145,247 95,244"/>
                <Baseline points="95,264 145,267 195,269 246,272 296,274 347,276 397,278 448,281 498,283 549,285 599,287 649,288 700,290 750,291 801,293 851,294 902,294 952,296 1003,296 1053,296 1104,296"/>
                <TextEquiv>
                    <Unicode>Gottes” ausgegeben und dadurch das jüdiſche Dogma von der</Unicode>
                </TextEquiv>
            </TextLine>
            <TextLine id="r1l12" custom="readingOrder {index:3;}">
                <Coords points="99,321 149,324 200,325 250,327 301,328 351,331 402,333 452,335 503,336 553,339 604,340 654,342 705,343 755,345 806,346 856,346 907,348 957,348 1008,349 1058,349 1109,349 1109,319 1058,319 1008,319 957,318 907,318 856,316 806,316 755,315 705,313 654,312 604,310 553,309 503,306 452,305 402,303 351,301 301,298 250,297 200,295 149,294 99,291"/>
                <Baseline points="99,311 149,314 200,315 250,317 301,318 351,321 402,323 452,325 503,326 553,329 604,330 654,332 705,333 755,335 806,336 856,336 907,338 957,338 1008,339 1058,339 1109,339"/>
                <TextEquiv>
                    <Unicode>„Einheit und Unkörperlichkeit Gottes” beſtritten habe. Nur in</Unicode>
                </TextEquiv>
            </TextLine>
            <TextLine id="r1l14" custom="readingOrder {index:4;}">
                <Coords points="96,361 146,364 197,367 247,370 298,372 349,374 399,377 450,379 501,381 551,382 602,384 653,385 703,387 754,388 805,388 855,390 906,390 957,391 1007,391 1058,392 1109,393 1109,363 1058,362 1007,361 957,361 906,360 855,360 805,358 754,358 703,357 653,355 602,354 551,352 501,351 450,349 399,347 349,344 298,342 247,340 197,337 146,334 96,331"/>
                <Baseline points="96,351 146,354 197,357 247,360 298,362 349,364 399,367 450,369 501,371 551,372 602,374 653,375 703,377 754,378 805,378 855,380 906,380 957,381 1007,381 1058,382 1109,383"/>
                <TextEquiv>
                    <Unicode>Folge einer göttlichen Offenbarung hätte das Synedrium berech⸗</Unicode>
                </TextEquiv>
            </TextLine>
            <TextLine id="r1l16" custom="readingOrder {index:5;}">
                <Coords points="80,403 151,407 204,411 256,414 309,416 361,419 414,421 467,423 519,424 572,426 624,427 677,429 729,430 782,430 835,432 887,433 940,434 992,436 1045,436 1098,438 1098,408 1045,406 992,406 940,404 887,403 835,402 782,400 729,400 677,399 624,397 572,396 519,394 467,393 414,391 361,389 309,386 256,384 204,381 151,377 80,373"/>
                <Baseline points="86,399 151,397 204,401 256,404 309,406 361,409 414,411 467,413 519,414 572,416 624,417 677,419 729,420 782,420 835,422 887,423 940,424 992,426 1045,426 1098,428"/>
                <TextEquiv>
                    <Unicode>tigt ſein können, im vorliegenden Falle das Todesurtheil nicht zu</Unicode>
                </TextEquiv>
            </TextLine>
            <TextLine id="r1l18" custom="readingOrder {index:6;}">
                <Coords points="87,447 157,450 207,453 257,457 307,459 356,462 406,463 456,466 506,468 555,469 605,471 655,472 705,472 754,474 804,475 854,475 904,477 953,477 1003,478 1053,478 1103,478 1103,448 1053,448 1003,448 953,447 904,447 854,445 804,445 754,444 705,442 655,442 605,441 555,439 506,438 456,436 406,433 356,432 307,429 257,427 207,423 157,420 87,417"/>
                <Baseline points="88,439 157,440 207,443 257,447 307,449 356,452 406,453 456,456 506,458 555,459 605,461 655,462 705,462 754,464 804,465 854,465 904,467 953,467 1003,468 1053,468 1103,468"/>
                <TextEquiv>
                    <Unicode>ſprechen; eine ſolche aber dürfe nach chriſtlicher Anſchauung nicht</Unicode>
                </TextEquiv>
            </TextLine>
            <TextLine id="r1l20" custom="readingOrder {index:7;}">
                <Coords points="77,492 146,494 197,498 247,500 298,502 348,505 399,506 449,508 500,510 550,511 601,514 651,515 702,516 752,517 803,519 853,519 904,520 954,522 1005,522 1055,522 1106,523 1106,493 1055,492 1005,492 954,492 904,490 853,489 803,489 752,487 702,486 651,485 601,484 550,481 500,480 449,478 399,476 348,475 298,472 247,470 197,468 146,464 77,462"/>
                <Baseline points="88,485 146,484 197,488 247,490 298,492 348,495 399,496 449,498 500,500 550,501 601,504 651,505 702,506 752,507 803,509 853,509 904,510 954,512 1005,512 1055,512 1106,513"/>
                <TextEquiv>
                    <Unicode>einmal als möglich angenommen werden, weil nach ihr der Tod</Unicode>
                </TextEquiv>
            </TextLine>
            <TextLine id="r1l22" custom="readingOrder {index:8;}">
                <Coords points="87,537 120,538 154,539 188,540 222,543 255,544 289,545 323,546 357,548 390,550 424,552 458,553 492,555 525,556 559,558 593,558 627,559 660,559 694,559 728,559 777,559 777,529 728,529 694,529 660,529 627,529 593,528 559,528 525,526 492,525 458,523 424,522 390,520 357,518 323,516 289,515 255,514 222,513 188,510 154,509 120,508 87,507"/>
                <Baseline points="87,527 120,528 154,529 188,530 222,533 255,534 289,535 323,536 357,538 390,540 424,542 458,543 492,545 525,546 559,548 593,548 627,549 660,549 694,549 728,549 774,552"/>
                <TextEquiv>
                    <Unicode>Jeſu im Plane der Vorſehung gelegen habe.</Unicode>
                </TextEquiv>
            </TextLine>
            <TextLine id="r1l25" custom="readingOrder {index:9;}">
                <Coords points="144,582 192,584 240,586 288,590 336,591 384,594 432,595 480,597 528,598 576,600 624,601 672,601 720,603 768,603 816,604 864,606 912,606 960,606 1008,607 1056,609 1104,609 1104,579 1056,579 1008,577 960,576 912,576 864,576 816,574 768,573 720,573 672,571 624,571 576,570 528,568 480,567 432,565 384,564 336,561 288,560 240,556 192,554 144,552"/>
                <Baseline points="144,572 192,574 240,576 288,580 336,581 384,584 432,585 480,587 528,588 576,590 624,591 672,591 720,593 768,593 816,594 864,596 912,596 960,596 1008,597 1056,599 1104,599"/>
                <TextEquiv>
                    <Unicode>Mit S. 31 beginnt die Darſtellung der Ereigniſſe, welche der</Unicode>
                </TextEquiv>
            </TextLine>
            <TextLine id="r1l27" custom="readingOrder {index:10;}">
                <Coords points="101,622 150,625 200,628 250,631 300,633 350,636 399,637 449,639 499,640 549,642 599,643 648,644 698,645 748,646 798,647 848,648 897,649 947,649 997,651 1047,652 1097,654 1097,624 1047,622 997,621 947,619 897,619 848,618 798,617 748,616 698,615 648,614 599,613 549,612 499,610 449,609 399,607 350,606 300,603 250,601 200,598 150,595 101,592"/>
                <Baseline points="101,612 150,615 200,618 250,621 300,623 350,626 399,627 449,629 499,630 549,632 599,633 648,634 698,635 748,636 798,637 848,638 897,639 947,639 997,641 1047,642 1097,644"/>
                <TextEquiv>
                    <Unicode>Verf. für hiſtoriſch hält. Ihr zufolge iſt die Berichterſtattung der</Unicode>
                </TextEquiv>
            </TextLine>
            <TextLine id="r1l29" custom="readingOrder {index:11;}">
                <Coords points="89,666 139,669 189,671 239,673 290,676 340,678 390,679 440,681 491,682 541,685 591,685 641,687 692,688 742,690 792,690 842,691 893,692 943,693 993,693 1043,694 1094,694 1094,664 1043,664 993,663 943,663 893,662 842,661 792,660 742,660 692,658 641,657 591,655 541,655 491,652 440,651 390,649 340,648 290,646 239,643 189,641 139,639 89,636"/>
                <Baseline points="89,656 139,659 189,661 239,663 290,666 340,668 390,669 440,671 491,672 541,675 591,675 641,677 692,678 742,680 792,680 842,681 893,682 943,683 993,683 1043,684 1094,684"/>
                <TextEquiv>
                    <Unicode>Synoptiker über den Prozeß Jeſu widerſpruchsvoll und unglaub⸗</Unicode>
                </TextEquiv>
            </TextLine>
            <TextLine id="r1l30" custom="readingOrder {index:12;}">
                <Coords points="86,708 136,711 187,714 237,717 288,718 338,721 389,723 439,724 490,726 540,727 591,729 642,729 692,730 743,732 793,733 844,733 894,735 945,736 995,737 1046,738 1097,739 1097,709 1046,708 995,707 945,706 894,705 844,703 793,703 743,702 692,700 642,699 591,699 540,697 490,696 439,694 389,693 338,691 288,688 237,687 187,684 136,681 86,678"/>
                <Baseline points="86,698 136,701 187,704 237,707 288,708 338,711 389,713 439,714 490,716 540,717 591,719 642,719 692,720 743,722 793,723 844,723 894,725 945,726 995,727 1046,728 1097,729"/>
                <TextEquiv>
                    <Unicode>würdig; eine Gerichtsverhandlung vor dem Synedrium hat gar</Unicode>
                </TextEquiv>
            </TextLine>
            <TextLine id="r1l32" custom="readingOrder {index:13;}">
                <Coords points="81,752 146,756 196,759 246,760 296,763 346,765 396,766 446,768 496,769 546,771 596,772 646,772 696,774 746,775 796,775 846,777 896,778 946,778 996,780 1046,781 1097,783 1097,753 1046,751 996,750 946,748 896,748 846,747 796,745 746,745 696,744 646,742 596,742 546,741 496,739 446,738 396,736 346,735 296,733 246,730 196,729 146,726 81,722"/>
                <Baseline points="89,740 146,746 196,749 246,750 296,753 346,755 396,756 446,758 496,759 546,761 596,762 646,762 696,764 746,765 796,765 846,767 896,768 946,768 996,770 1046,771 1097,773"/>
                <TextEquiv>
                    <Unicode>nicht Statt gefunden; die Juden haben überhaupt Jeſum während</Unicode>
                </TextEquiv>
            </TextLine>
            <TextLine id="line_1617778685097_265" custom="readingOrder {index:14;}">
                <Coords points="84,766 1092,793 1092,823 1066,825 1040,825 926,823 884,822 350,808 268,805 145,799 84,796"/>
                <Baseline points="86,785 145,789 186,791 227,793 268,795 309,796 350,798 391,799 432,800 473,801 515,802 556,803 597,804 638,805 679,806 720,807 761,808 802,809 843,810 884,812 926,813 963,813 988,813 1014,814 1040,815 1066,815 1092,813"/>
                <TextEquiv>
                    <Unicode>ſeiner ganzen Wirkſamkeit unangefochten gelaſſen (!). Der Ein⸗</Unicode>
                </TextEquiv>
            </TextLine>
            <TextLine id="r1l37" custom="readingOrder {index:15;}">
                <Coords points="92,838 142,841 192,844 242,847 292,849 342,851 392,853 442,855 492,855 542,856 593,858 643,859 693,860 743,861 793,862 843,862 893,864 943,865 993,867 1043,867 1110,868 1110,838 1043,837 993,837 943,835 893,834 843,832 793,832 743,831 693,830 643,829 593,828 542,826 492,825 442,825 392,823 342,821 292,819 242,817 192,814 142,811 92,808"/>
                <Baseline points="92,828 142,831 192,834 242,837 292,839 342,841 392,843 442,845 492,845 542,846 593,848 643,849 693,850 743,851 793,852 843,852 893,854 943,855 993,857 1043,857 1107,866"/>
                <TextEquiv>
                    <Unicode>zug Jeſu in Jeruſalem aber veranlaßte den grauſamen Pilatus,</Unicode>
                </TextEquiv>
            </TextLine>
            <TextLine id="r1l39" custom="readingOrder {index:16;}">
                <Coords points="93,882 143,885 193,887 243,890 293,892 344,894 394,895 444,897 494,898 544,900 595,901 645,903 695,904 745,904 795,906 846,907 896,907 946,909 996,910 1046,912 1097,913 1097,883 1046,882 996,880 946,879 896,877 846,877 795,876 745,874 695,874 645,873 595,871 544,870 494,868 444,867 394,865 344,864 293,862 243,860 193,857 143,855 93,852"/>
                <Baseline points="93,872 143,875 193,877 243,880 293,882 344,884 394,885 444,887 494,888 544,890 595,891 645,893 695,894 745,894 795,896 846,897 896,897 946,899 996,900 1046,902 1097,903"/>
                <TextEquiv>
                    <Unicode>ihn vor ſeinen Richterſtuhl zu ziehen. Wie ſoll auch, meint Ph.,</Unicode>
                </TextEquiv>
            </TextLine>
            <TextLine id="r1l41" custom="readingOrder {index:17;}">
                <Coords points="87,924 137,927 188,930 239,932 290,934 341,936 391,939 442,940 493,942 544,943 595,945 645,946 696,947 747,948 798,949 849,950 899,951 950,952 1001,954 1052,955 1103,957 1103,927 1052,925 1001,924 950,922 899,921 849,920 798,919 747,918 696,917 645,916 595,915 544,913 493,912 442,910 391,909 341,906 290,904 239,902 188,900 137,897 87,894"/>
                <Baseline points="87,914 137,917 188,920 239,922 290,924 341,926 391,929 442,930 493,932 544,933 595,935 645,936 696,937 747,938 798,939 849,940 899,941 950,942 1001,944 1052,945 1103,947"/>
                <TextEquiv>
                    <Unicode>das Volk heute dem Propheten zujubeln, und über wenige Tage</Unicode>
                </TextEquiv>
            </TextLine>
            <TextLine id="r1l43" custom="readingOrder {index:18;}">
                <Coords points="86,969 136,971 186,974 237,976 287,978 338,980 388,982 438,983 489,985 539,985 590,987 640,988 690,990 741,991 791,991 842,993 892,994 942,995 993,996 1043,997 1094,999 1094,969 1043,967 993,966 942,965 892,964 842,963 791,961 741,961 690,960 640,958 590,957 539,955 489,955 438,953 388,952 338,950 287,948 237,946 186,944 136,941 86,939"/>
                <Baseline points="86,959 136,961 186,964 237,966 287,968 338,970 388,972 438,973 489,975 539,975 590,977 640,978 690,980 741,981 791,981 842,983 892,984 942,985 993,986 1043,987 1094,989"/>
                <TextEquiv>
                    <Unicode>hartnäckig ihn ans Kreuz fordern? Wie ſoll der harte, unbeug⸗</Unicode>
                </TextEquiv>
            </TextLine>
            <TextLine id="r1l44" custom="readingOrder {index:19;}">
                <Coords points="81,1011 147,1015 200,1017 252,1018 305,1021 357,1023 410,1025 463,1027 515,1027 568,1029 620,1031 673,1032 725,1033 778,1035 831,1036 883,1036 936,1038 988,1039 1041,1041 1094,1041 1094,1011 1041,1011 988,1009 936,1008 883,1006 831,1006 778,1005 725,1003 673,1002 620,1001 568,999 515,997 463,997 410,995 357,993 305,991 252,988 200,987 147,985 81,981"/>
                <Baseline points="83,1005 147,1005 200,1007 252,1008 305,1011 357,1013 410,1015 463,1017 515,1017 568,1019 620,1021 673,1022 725,1023 778,1025 831,1026 883,1026 936,1028 988,1029 1041,1031 1094,1031"/>
                <TextEquiv>
                    <Unicode>ſame Prokurator ſich durch Bitten und Drohen der jüdiſchen Volks⸗</Unicode>
                </TextEquiv>
            </TextLine>
            <TextLine id="r1l45" custom="readingOrder {index:20;}">
                <Coords points="80,1053 130,1056 181,1058 231,1060 282,1064 332,1065 383,1068 433,1069 484,1071 534,1072 585,1074 636,1075 686,1077 737,1077 787,1078 838,1080 888,1081 939,1081 989,1083 1040,1083 1091,1084 1091,1054 1040,1053 989,1053 939,1051 888,1051 838,1050 787,1048 737,1047 686,1047 636,1045 585,1044 534,1042 484,1041 433,1039 383,1038 332,1035 282,1034 231,1030 181,1028 130,1026 80,1023"/>
                <Baseline points="80,1043 130,1046 181,1048 231,1050 282,1054 332,1055 383,1058 433,1059 484,1061 534,1062 585,1064 636,1065 686,1067 737,1067 787,1068 838,1070 888,1071 939,1071 989,1073 1040,1073 1091,1074"/>
                <TextEquiv>
                    <Unicode>menge gegen ſeine Ueberzeugung zwingen laſſen, einen Unſchuldi⸗</Unicode>
                </TextEquiv>
            </TextLine>
            <TextLine id="r1l47" custom="readingOrder {index:21;}">
                <Coords points="93,1098 143,1100 193,1102 243,1104 293,1105 344,1107 394,1110 444,1111 494,1113 544,1114 595,1116 645,1117 695,1119 745,1120 795,1122 846,1123 896,1123 946,1125 996,1125 1046,1126 1097,1126 1097,1096 1046,1096 996,1095 946,1095 896,1093 846,1093 795,1092 745,1090 695,1089 645,1087 595,1086 544,1084 494,1083 444,1081 394,1080 344,1077 293,1075 243,1074 193,1072 143,1070 93,1068"/>
                <Baseline points="93,1088 143,1090 193,1092 243,1094 293,1095 344,1097 394,1100 444,1101 494,1103 544,1104 595,1106 645,1107 695,1109 745,1110 795,1112 846,1113 896,1113 946,1115 996,1115 1046,1116 1097,1116"/>
                <TextEquiv>
                    <Unicode>jen zu verurtheilen? Zur Vollendung der Argumentation wird</Unicode>
                </TextEquiv>
            </TextLine>
            <TextLine id="r1l49" custom="readingOrder {index:22;}">
                <Coords points="86,1138 136,1141 186,1143 236,1146 286,1147 336,1150 386,1152 436,1153 486,1155 536,1156 587,1158 637,1159 687,1161 737,1162 787,1164 837,1164 887,1165 937,1167 987,1167 1037,1168 1088,1168 1088,1138 1037,1138 987,1137 937,1137 887,1135 837,1134 787,1134 737,1132 687,1131 637,1129 587,1128 536,1126 486,1125 436,1123 386,1122 336,1120 286,1117 236,1116 186,1113 136,1111 86,1108"/>
                <Baseline points="86,1128 136,1131 186,1133 236,1136 286,1137 336,1140 386,1142 436,1143 486,1145 536,1146 587,1148 637,1149 687,1151 737,1152 787,1154 837,1154 887,1155 937,1157 987,1157 1037,1158 1088,1158"/>
                <TextEquiv>
                    <Unicode>dann noch erklärt, das jüdiſche Synedrium habe ſich nie um reli⸗</Unicode>
                </TextEquiv>
            </TextLine>
            <TextLine id="r1l52" custom="readingOrder {index:23;}">
                <Coords points="82,1183 147,1185 197,1186 246,1188 296,1191 346,1192 395,1194 445,1195 495,1198 544,1200 594,1200 644,1201 693,1203 743,1204 793,1206 842,1206 892,1207 942,1209 991,1209 1041,1210 1091,1210 1091,1180 1041,1180 991,1179 942,1179 892,1177 842,1176 793,1176 743,1174 693,1173 644,1171 594,1170 544,1170 495,1168 445,1165 395,1164 346,1162 296,1161 246,1158 197,1156 147,1155 82,1153"/>
                <Baseline points="81,1172 147,1175 197,1176 246,1178 296,1181 346,1182 395,1184 445,1185 495,1188 544,1190 594,1190 644,1191 693,1193 743,1194 793,1196 842,1196 892,1197 942,1199 991,1199 1041,1200 1107,1202"/>
                <TextEquiv>
                    <Unicode>giöſe Streitigkeiten bekümmert. — Eine Analyſe ſo oberflächlicher</Unicode>
                </TextEquiv>
            </TextLine>
            <TextLine id="r1l54" custom="readingOrder {index:24;}">
                <Coords points="89,1225 139,1228 189,1230 240,1233 290,1234 341,1236 391,1238 441,1240 492,1241 542,1242 593,1244 643,1246 693,1246 744,1248 794,1248 845,1249 895,1251 945,1251 996,1251 1046,1252 1097,1252 1097,1222 1046,1222 996,1221 945,1221 895,1221 845,1219 794,1218 744,1218 693,1216 643,1216 593,1214 542,1212 492,1211 441,1210 391,1208 341,1206 290,1204 240,1203 189,1200 139,1198 89,1195"/>
                <Baseline points="89,1215 139,1218 189,1220 240,1223 290,1224 341,1226 391,1228 441,1230 492,1231 542,1232 593,1234 643,1236 693,1236 744,1238 794,1238 845,1239 895,1241 945,1241 996,1241 1046,1242 1097,1242"/>
                <TextEquiv>
                    <Unicode>Bemerkungen wird Niemand verlangen, zumal dieſelben ausnahms⸗</Unicode>
                </TextEquiv>
            </TextLine>
            <TextLine id="line_1617778869034_288" custom="readingOrder {index:25;}">
                <Coords points="82,1237 1104,1267 1104,1297 1044,1297 509,1284 233,1275 187,1273 82,1267"/>
                <Baseline points="84,1261 141,1260 187,1263 233,1265 279,1266 325,1268 371,1269 417,1271 463,1272 509,1274 555,1274 601,1275 647,1277 693,1278 739,1278 785,1280 831,1280 877,1281 923,1283 969,1284 1016,1286 1044,1287 1074,1287 1104,1287"/>
                <TextEquiv>
                    <Unicode>los ſchon früher und viel geſchickter gemacht worden ſind. Nur</Unicode>
                </TextEquiv>
            </TextLine>
            <TextLine id="r1l59" custom="readingOrder {index:26;}">
                <Coords points="83,1311 133,1312 184,1315 235,1317 286,1318 336,1320 387,1321 438,1323 489,1324 539,1326 590,1327 641,1327 692,1329 742,1330 793,1332 844,1333 895,1334 945,1336 996,1338 1047,1339 1098,1341 1098,1311 1047,1309 996,1308 945,1306 895,1304 844,1303 793,1302 742,1300 692,1299 641,1297 590,1297 539,1296 489,1294 438,1293 387,1291 336,1290 286,1288 235,1287 184,1285 133,1282 83,1281"/>
                <Baseline points="83,1301 133,1302 184,1305 235,1307 286,1308 336,1310 387,1311 438,1313 489,1314 539,1316 590,1317 641,1317 692,1319 742,1320 793,1322 844,1323 895,1324 945,1326 996,1328 1047,1329 1098,1331"/>
                <TextEquiv>
                    <Unicode>bezüglich der zuletzt angeführten kann man den Gedanken nicht</Unicode>
                </TextEquiv>
            </TextLine>
            <TextLine id="r1l61" custom="readingOrder {index:27;}">
                <Coords points="80,1354 131,1356 182,1357 233,1359 284,1360 335,1361 386,1362 438,1363 489,1365 540,1366 591,1368 642,1369 693,1371 744,1372 796,1374 847,1375 898,1377 949,1379 1000,1381 1051,1383 1103,1386 1103,1356 1051,1353 1000,1351 949,1349 898,1347 847,1345 796,1344 744,1342 693,1341 642,1339 591,1338 540,1336 489,1335 438,1333 386,1332 335,1331 284,1330 233,1329 182,1327 131,1326 80,1324"/>
                <Baseline points="80,1344 131,1346 182,1347 233,1349 284,1350 335,1351 386,1352 438,1353 489,1355 540,1356 591,1358 642,1359 693,1361 744,1362 796,1364 847,1365 898,1367 949,1369 1000,1371 1051,1373 1103,1376"/>
                <TextEquiv>
                    <Unicode>unterdrücken, daß doch wenigſtens über jüdiſche Dinge ein Jude</Unicode>
                </TextEquiv>
            </TextLine>
            <TextLine id="r1l63" custom="readingOrder {index:28;}">
                <Coords points="80,1396 130,1397 181,1399 232,1401 282,1401 333,1404 384,1404 434,1405 485,1407 536,1410 587,1411 637,1413 688,1414 739,1416 789,1417 840,1419 891,1421 941,1423 992,1425 1043,1427 1094,1429 1094,1399 1043,1397 992,1395 941,1393 891,1391 840,1389 789,1387 739,1386 688,1384 637,1383 587,1381 536,1380 485,1377 434,1375 384,1374 333,1374 282,1371 232,1371 181,1369 130,1367 80,1366"/>
                <Baseline points="80,1386 130,1387 181,1389 232,1391 282,1391 333,1394 384,1394 434,1395 485,1397 536,1400 587,1401 637,1403 688,1404 739,1406 789,1407 840,1409 891,1411 941,1413 992,1415 1043,1417 1094,1419"/>
                <TextEquiv>
                    <Unicode>beſſer unterrichtet ſein müſſe, als der Herr Doktor es iſt. Abge⸗</Unicode>
                </TextEquiv>
            </TextLine>
            <TextLine id="line_1617778941126_302" custom="readingOrder {index:29;}">
                <Coords points="76,1407 124,1408 192,1410 1101,1437 1101,1467 1074,1468 968,1468 668,1458 328,1446 76,1437"/>
                <Baseline points="83,1429 124,1428 158,1429 192,1430 226,1432 260,1433 294,1434 328,1436 362,1437 396,1437 430,1439 464,1440 498,1442 532,1442 566,1443 600,1445 634,1446 668,1448 702,1449 736,1450 770,1451 809,1449 835,1452 862,1453 888,1455 915,1456 941,1457 968,1458 994,1458 1021,1458 1047,1458 1074,1458 1101,1457"/>
                <TextEquiv>
                    <Unicode>ſehen davon, daß es ſich in der vorliegenden Frage um eine Ge⸗</Unicode>
                </TextEquiv>
            </TextLine>
            <TextLine id="line_1617778956985_308" custom="readingOrder {index:30;}">
                <Coords points="80,1449 112,1450 1095,1482 1095,1512 1041,1515 1014,1515 735,1506 276,1488 145,1482 80,1479"/>
                <Baseline points="80,1469 112,1470 145,1472 178,1473 211,1475 243,1476 276,1478 309,1479 342,1479 374,1481 407,1482 440,1484 473,1484 505,1485 538,1487 571,1488 604,1490 636,1491 669,1493 702,1494 735,1496 773,1494 799,1495 826,1496 853,1497 880,1499 907,1501 934,1502 960,1503 987,1504 1014,1505 1041,1505 1068,1503 1095,1502"/>
                <TextEquiv>
                    <Unicode>richtsſache und nicht um eine Entſcheidung über religiöſe Streitig⸗</Unicode>
                </TextEquiv>
            </TextLine>
            <TextLine id="line_1617778960477_313" custom="readingOrder {index:31;}">
                <Coords points="77,1492 1074,1527 1100,1528 1100,1558 1024,1557 922,1555 872,1554 692,1548 563,1543 465,1539 109,1524 77,1522"/>
                <Baseline points="77,1512 109,1514 141,1515 174,1516 206,1517 239,1519 271,1520 303,1521 336,1523 368,1524 401,1526 433,1527 465,1529 498,1530 530,1531 563,1533 595,1534 627,1535 660,1536 692,1538 725,1539 771,1538 796,1540 821,1542 846,1542 872,1544 897,1544 922,1545 948,1545 973,1545 998,1545 1024,1547 1049,1547 1074,1547 1100,1548"/>
                <TextEquiv>
                    <Unicode>keiten handelt, bitten wir den Hrn Verf., falls ihm dieſe Zeilen</Unicode>
                </TextEquiv>
            </TextLine>
            <TextLine id="line_1617778964226_318" custom="readingOrder {index:32;} textStyle {offset:56; length:6;italic:true; fontSize:0.0; kerning:0;}">
                <Coords points="83,1537 146,1539 1089,1570 1089,1600 982,1600 929,1599 305,1578 114,1569 83,1567"/>
                <Baseline points="83,1557 114,1559 146,1559 178,1562 210,1563 242,1565 273,1566 305,1568 337,1569 369,1569 401,1571 432,1572 464,1573 496,1574 528,1575 560,1576 591,1577 623,1578 655,1579 687,1580 719,1581 743,1581 769,1583 796,1584 822,1585 849,1586 876,1587 902,1587 929,1589 955,1589 982,1590 1009,1590 1035,1590 1062,1590 1089,1590"/>
                <TextEquiv>
                    <Unicode>je zu Geſicht kommen ſollten, gefälligſt nachzuſchlagen Selden,</Unicode>
                </TextEquiv>
            </TextLine>
            <TextLine id="r1l78" custom="readingOrder {index:33;}">
                <Coords points="89,1609 114,1610 140,1612 166,1614 191,1615 217,1617 243,1618 269,1620 294,1621 320,1623 346,1624 371,1624 397,1625 423,1627 449,1627 449,1597 423,1597 397,1595 371,1594 346,1594 320,1593 294,1591 269,1590 243,1588 217,1587 191,1585 166,1584 140,1582 114,1580 89,1579"/>
                <Baseline points="89,1599 114,1600 140,1602 166,1604 191,1605 217,1607 243,1608 269,1610 294,1611 320,1613 346,1614 371,1614 397,1615 423,1617 449,1617"/>
                <TextEquiv>
                    <Unicode>de synedr. p. 1041 ff.</Unicode>
                </TextEquiv>
            </TextLine>
            <TextLine id="line_1617779040630_335" custom="readingOrder {index:34;}">
                <Coords points="174,1632 1019,1663 1019,1693 932,1693 258,1671 202,1668 174,1662"/>
                <Baseline points="174,1652 202,1658 230,1658 258,1661 875,1680 903,1682 932,1683 961,1683 990,1683 1019,1683"/>
                <TextEquiv>
                    <Unicode>Bonn. Langen.</Unicode>
                </TextEquiv>
            </TextLine>
            <TextLine id="r1l87" custom="readingOrder {index:35;} textStyle {offset:0; length:21;fontSize:0.0; kerning:0; bold:true;}">
                <Coords points="351,1800 377,1801 403,1802 429,1803 455,1804 481,1806 507,1806 533,1807 559,1807 586,1809 612,1809 638,1810 664,1810 690,1812 716,1813 742,1813 768,1814 794,1815 821,1816 821,1786 794,1785 768,1784 742,1783 716,1783 690,1782 664,1780 638,1780 612,1779 586,1779 559,1777 533,1777 507,1776 481,1776 455,1774 429,1773 403,1772 377,1771 351,1770"/>
                <Baseline points="351,1790 377,1791 403,1792 429,1793 455,1794 481,1796 507,1796 533,1797 559,1797 586,1799 612,1799 638,1800 664,1800 690,1802 716,1803 742,1803 768,1804 794,1805 821,1806"/>
                <TextEquiv>
                    <Unicode>Literariſche Notizen.</Unicode>
                </TextEquiv>
            </TextLine>
            <TextLine id="r1l91" custom="readingOrder {index:36;}">
                <Coords points="103,1871 227,1877 272,1879 317,1881 362,1884 407,1885 452,1887 497,1890 542,1891 587,1893 632,1894 677,1896 722,1897 767,1899 812,1900 857,1900 902,1902 947,1902 992,1902 1037,1903 1098,1903 1098,1873 1037,1873 992,1872 947,1872 902,1872 857,1870 812,1870 767,1869 722,1867 677,1866 632,1864 587,1863 542,1861 497,1860 452,1857 407,1855 362,1854 317,1851 272,1849 227,1847 103,1841"/>
                <Baseline points="116,1865 227,1867 272,1869 317,1871 362,1874 407,1875 452,1877 497,1880 542,1881 587,1883 632,1884 677,1886 722,1887 767,1889 812,1890 857,1890 902,1892 947,1892 992,1892 1037,1893 1098,1894"/>
                <TextEquiv>
                    <Unicode>— Von dem „Lehrbuch der katholiſchen Moral” von</Unicode>
                </TextEquiv>
            </TextLine>
            <TextLine id="r1l93" custom="readingOrder {index:37;}">
                <Coords points="80,1912 130,1915 180,1917 231,1920 281,1921 332,1924 382,1926 432,1929 483,1930 533,1932 584,1935 634,1936 684,1938 735,1941 785,1941 836,1944 886,1944 936,1945 987,1947 1037,1947 1088,1948 1088,1918 1037,1917 987,1917 936,1915 886,1914 836,1914 785,1911 735,1911 684,1908 634,1906 584,1905 533,1902 483,1900 432,1899 382,1896 332,1894 281,1891 231,1890 180,1887 130,1885 80,1882"/>
                <Baseline points="80,1902 130,1905 180,1907 231,1910 281,1911 332,1914 382,1916 432,1919 483,1920 533,1922 584,1925 634,1926 684,1928 735,1931 785,1931 836,1934 886,1934 936,1935 987,1937 1037,1937 1088,1938"/>
                <TextEquiv>
                    <Unicode>Dr. Konrad Martin, Biſchof von Paderborn, iſt die fünfte</Unicode>
                </TextEquiv>
            </TextLine>
            <TextLine id="r1l95" custom="readingOrder {index:38;}">
                <Coords points="83,1956 133,1958 183,1960 233,1963 283,1965 333,1968 383,1969 434,1972 484,1974 534,1976 584,1978 634,1980 684,1981 734,1983 785,1984 835,1986 885,1987 935,1987 985,1987 1035,1987 1086,1987 1086,1957 1035,1957 985,1957 935,1957 885,1957 835,1956 785,1954 734,1953 684,1951 634,1950 584,1948 534,1946 484,1944 434,1942 383,1939 333,1938 283,1935 233,1933 183,1930 133,1928 83,1926"/>
                <Baseline points="83,1946 133,1948 183,1950 233,1953 283,1955 333,1958 383,1959 434,1962 484,1964 534,1966 584,1968 634,1970 684,1971 734,1973 785,1974 835,1976 885,1977 935,1977 985,1977 1035,1977 1086,1977"/>
                <TextEquiv>
                    <Unicode>Auflage erſchienen (Mainz, Kirchheim 1865. XXIV u. 816 S.</Unicode>
                </TextEquiv>
            </TextLine>
            <TextLine id="r1l97" custom="readingOrder {index:39;}">
                <Coords points="77,1998 127,2001 177,2002 228,2005 278,2007 329,2010 379,2012 430,2013 480,2016 531,2019 581,2020 631,2022 682,2023 732,2026 783,2028 833,2029 884,2031 934,2031 985,2032 1035,2034 1086,2034 1086,2004 1035,2004 985,2002 934,2001 884,2001 833,1999 783,1998 732,1996 682,1993 631,1992 581,1990 531,1989 480,1986 430,1983 379,1982 329,1980 278,1977 228,1975 177,1972 127,1971 77,1968"/>
                <Baseline points="77,1988 127,1991 177,1992 228,1995 278,1997 329,2000 379,2002 430,2003 480,2006 531,2009 581,2010 631,2012 682,2013 732,2016 783,2018 833,2019 884,2021 934,2021 985,2022 1035,2024 1086,2024"/>
                <TextEquiv>
                    <Unicode>3 Thlr.). Laut der Vorrede iſt das Werk „einer abermaligen</Unicode>
                </TextEquiv>
            </TextLine>
            <TextLine id="r1l99" custom="readingOrder {index:40;}">
                <Coords points="74,2040 124,2043 174,2046 225,2049 275,2051 326,2053 376,2055 427,2058 477,2059 528,2062 578,2064 628,2065 679,2067 729,2068 780,2070 830,2071 881,2073 931,2074 982,2074 1032,2076 1101,2076 1101,2046 1032,2046 982,2044 931,2044 881,2043 830,2041 780,2040 729,2038 679,2037 628,2035 578,2034 528,2032 477,2029 427,2028 376,2025 326,2023 275,2021 225,2019 174,2016 124,2013 74,2010"/>
                <Baseline points="74,2030 124,2033 174,2036 225,2039 275,2041 326,2043 376,2045 427,2048 477,2049 528,2052 578,2054 628,2055 679,2057 729,2058 780,2060 830,2061 881,2063 931,2064 982,2064 1032,2066 1095,2072"/>
                <TextEquiv>
                    <Unicode>ſtrengen Reviſion unterworfen, und in Folge derſelben, der für</Unicode>
                </TextEquiv>
            </TextLine>
            <TextLine id="r1l102" custom="readingOrder {index:41;}">
                <Coords points="77,2083 127,2086 177,2089 227,2092 277,2095 327,2096 377,2098 427,2101 477,2103 527,2104 578,2106 628,2108 678,2110 728,2112 778,2112 828,2114 878,2115 928,2116 978,2118 1028,2119 1079,2119 1079,2089 1028,2089 978,2088 928,2086 878,2085 828,2084 778,2082 728,2082 678,2080 628,2078 578,2076 527,2074 477,2073 427,2071 377,2068 327,2066 277,2065 227,2062 177,2059 127,2056 77,2053"/>
                <Baseline points="77,2073 127,2076 177,2079 227,2082 277,2085 327,2086 377,2088 427,2091 477,2093 527,2094 578,2096 628,2098 678,2100 728,2102 778,2102 828,2104 878,2105 928,2106 978,2108 1028,2109 1079,2109"/>
                <TextEquiv>
                    <Unicode>die praktiſche Seelſorge ſo wichtige Abſchnitt von den heiligen Sa⸗</Unicode>
                </TextEquiv>
            </TextLine>
            <TextLine id="r1l104" custom="readingOrder {index:42;}">
                <Coords points="74,2127 124,2130 175,2133 226,2134 277,2137 328,2140 379,2142 429,2143 480,2146 531,2148 582,2149 633,2151 684,2153 735,2155 785,2156 836,2157 887,2158 938,2160 989,2161 1040,2163 1091,2164 1091,2134 1040,2133 989,2131 938,2130 887,2128 836,2127 785,2126 735,2125 684,2123 633,2121 582,2119 531,2118 480,2116 429,2113 379,2112 328,2110 277,2107 226,2104 175,2103 124,2100 74,2097"/>
                <Baseline points="74,2117 124,2120 175,2123 226,2124 277,2127 328,2130 379,2132 429,2133 480,2136 531,2138 582,2139 633,2141 684,2143 735,2145 785,2146 836,2147 887,2148 938,2150 989,2151 1040,2153 1091,2154"/>
                <TextEquiv>
                    <Unicode>cramenten vielfach theils gänzlich umgearbeitet theils verbeſſert</Unicode>
                </TextEquiv>
            </TextLine>
            <TextLine id="line_1617779201677_363" custom="readingOrder {index:43;}">
                <Coords points="77,2139 1092,2175 1092,2205 1065,2206 1012,2206 958,2205 800,2202 293,2181 113,2172 77,2169"/>
                <Baseline points="77,2159 113,2162 149,2163 185,2165 221,2167 257,2169 293,2171 330,2172 366,2174 402,2175 438,2177 474,2177 510,2178 546,2180 583,2181 619,2183 655,2184 691,2186 727,2187 763,2189 800,2192 879,2192 905,2193 932,2193 958,2195 985,2195 1012,2196 1038,2196 1065,2196 1092,2195"/>
                <TextEquiv>
                    <Unicode>und durch namhafte Zuſätze bereichert worden.” Im Einzelnen</Unicode>
                </TextEquiv>
            </TextLine>
            <TextLine id="r1l109" custom="readingOrder {index:44;}">
                <Coords points="80,2212 130,2215 180,2218 230,2221 280,2223 330,2225 380,2227 430,2229 480,2231 530,2233 580,2235 630,2236 680,2238 730,2239 780,2241 830,2242 880,2244 930,2245 980,2247 1030,2248 1080,2250 1080,2220 1030,2218 980,2217 930,2215 880,2214 830,2212 780,2211 730,2209 680,2208 630,2206 580,2205 530,2203 480,2201 430,2199 380,2197 330,2195 280,2193 230,2191 180,2188 130,2185 80,2182"/>
                <Baseline points="80,2202 130,2205 180,2208 230,2211 280,2213 330,2215 380,2217 430,2219 480,2221 530,2223 580,2225 630,2226 680,2228 730,2229 780,2231 830,2232 880,2234 930,2235 980,2237 1030,2238 1080,2240"/>
                <TextEquiv>
                    <Unicode>finden wir folgende Puncte ausführlicher als in den bisherigen</Unicode>
                </TextEquiv>
            </TextLine>
            <TextLine id="r1l110" custom="readingOrder {index:45;}">
                <Coords points="74,2254 124,2257 174,2260 225,2263 275,2266 326,2268 376,2270 427,2272 477,2274 528,2276 578,2277 628,2278 679,2281 729,2283 780,2284 830,2285 881,2286 931,2287 982,2289 1032,2290 1083,2292 1083,2262 1032,2260 982,2259 931,2257 881,2256 830,2255 780,2254 729,2253 679,2251 628,2248 578,2247 528,2246 477,2244 427,2242 376,2240 326,2238 275,2236 225,2233 174,2230 124,2227 74,2224"/>
                <Baseline points="74,2244 124,2247 174,2250 225,2253 275,2256 326,2258 376,2260 427,2262 477,2264 528,2266 578,2267 628,2268 679,2271 729,2273 780,2274 830,2275 881,2276 931,2277 982,2279 1032,2280 1083,2282"/>
                <TextEquiv>
                    <Unicode>Auflagen erörtert: Die Pflicht des Empfanges der h. Communion;</Unicode>
                </TextEquiv>
            </TextLine>
            <TextLine id="r1l112" custom="readingOrder {index:46;}">
                <Coords points="71,2296 121,2299 172,2302 223,2304 274,2306 324,2308 375,2310 426,2313 477,2316 527,2317 578,2319 629,2322 680,2323 730,2325 781,2326 832,2328 883,2329 933,2331 984,2332 1035,2332 1086,2332 1086,2302 1035,2302 984,2302 933,2301 883,2299 832,2298 781,2296 730,2295 680,2293 629,2292 578,2289 527,2287 477,2286 426,2283 375,2280 324,2278 274,2276 223,2274 172,2272 121,2269 71,2266"/>
                <Baseline points="71,2286 121,2289 172,2292 223,2294 274,2296 324,2298 375,2300 426,2303 477,2306 527,2307 578,2309 629,2312 680,2313 730,2315 781,2316 832,2318 883,2319 933,2321 984,2322 1035,2322 1086,2322"/>
                <TextEquiv>
                    <Unicode>die dazu erforderliche Vorbereitung, insbeſondere das zu beobachtende</Unicode>
                </TextEquiv>
            </TextLine>
            <TextLine id="r1l114" custom="readingOrder {index:47;}">
                <Coords points="65,2338 115,2340 165,2341 216,2344 266,2346 317,2349 367,2350 418,2353 468,2356 519,2358 569,2361 619,2363 670,2365 720,2368 771,2370 821,2371 872,2373 922,2373 973,2374 1023,2374 1096,2374 1096,2344 1023,2344 973,2344 922,2343 872,2343 821,2341 771,2340 720,2338 670,2335 619,2333 569,2331 519,2328 468,2326 418,2323 367,2320 317,2319 266,2316 216,2314 165,2311 115,2310 65,2308"/>
                <Baseline points="65,2328 115,2330 165,2331 216,2334 266,2336 317,2339 367,2340 418,2343 468,2346 519,2348 569,2351 619,2353 670,2355 720,2358 771,2360 821,2361 872,2363 922,2363 973,2364 1023,2364 1095,2371"/>
                <TextEquiv>
                    <Unicode>ieiunium naturale (§ 241); die Pflicht des Beichtens; das Beicht⸗</Unicode>
                </TextEquiv>
            </TextLine>
            <TextLine id="r1l117" custom="readingOrder {index:48;}">
                <Coords points="74,2383 124,2385 175,2385 225,2386 276,2388 326,2391 377,2392 427,2395 478,2398 528,2400 579,2403 630,2406 680,2407 731,2410 781,2413 832,2415 882,2416 933,2418 983,2418 1034,2419 1085,2419 1085,2389 1034,2389 983,2388 933,2388 882,2386 832,2385 781,2383 731,2380 680,2377 630,2376 579,2373 528,2370 478,2368 427,2365 377,2362 326,2361 276,2358 225,2356 175,2355 124,2355 74,2353"/>
                <Baseline points="74,2373 124,2375 175,2375 225,2376 276,2378 326,2381 377,2382 427,2385 478,2388 528,2390 579,2393 630,2396 680,2397 731,2400 781,2403 832,2405 882,2406 933,2408 983,2408 1034,2409 1085,2409"/>
                <TextEquiv>
                    <Unicode>ſiegel (§ 245); Empfänger und Spender des Sacraments der</Unicode>
                </TextEquiv>
            </TextLine>
            <TextLine id="r1l119" custom="readingOrder {index:49;}">
                <Coords points="68,2427 118,2427 169,2428 219,2429 270,2430 320,2432 371,2435 421,2437 472,2439 522,2442 573,2444 624,2447 674,2449 725,2452 775,2454 826,2457 876,2458 927,2460 977,2460 1028,2461 1099,2460 1099,2430 1028,2431 977,2430 927,2430 876,2428 826,2427 775,2424 725,2422 674,2419 624,2417 573,2414 522,2412 472,2409 421,2407 371,2405 320,2402 270,2400 219,2399 169,2398 118,2397 68,2397"/>
                <Baseline points="68,2417 118,2417 169,2418 219,2419 270,2420 320,2422 371,2425 421,2427 472,2429 522,2432 573,2434 624,2437 674,2439 725,2442 775,2444 826,2447 876,2448 927,2450 977,2450 1028,2451 1098,2453"/>
                <TextEquiv>
                    <Unicode>h. Oelung (§ 247); Vorbereitung auf den Empfang der Prieſter⸗</Unicode>
                </TextEquiv>
            </TextLine>
            <TextLine id="line_1617779344665_377" custom="readingOrder {index:50;}">
                <Coords points="77,2439 110,2439 176,2440 341,2446 1026,2473 1079,2476 1079,2506 895,2502 842,2500 816,2499 77,2469"/>
                <Baseline points="77,2459 110,2459 143,2460 176,2460 209,2462 242,2463 275,2464 308,2465 341,2466 374,2468 407,2469 440,2471 473,2472 506,2474 539,2475 572,2477 605,2478 638,2479 671,2481 704,2483 738,2483 764,2484 790,2487 816,2489 842,2490 869,2490 895,2492 921,2492 947,2492 974,2492 1000,2493 1026,2493 1052,2495 1079,2496"/>
                <TextEquiv>
                    <Unicode>weihe und des Eheſacraments (§ 248). Auch in den §§ 239</Unicode>
                </TextEquiv>
            </TextLine>
            <TextLine id="r1l124" custom="readingOrder {index:51;}">
                <Coords points="74,2512 124,2514 175,2514 225,2516 276,2518 326,2520 377,2521 427,2523 478,2526 528,2527 579,2529 630,2532 680,2533 731,2536 781,2538 832,2540 882,2542 933,2544 983,2547 1034,2549 1085,2551 1085,2521 1034,2519 983,2517 933,2514 882,2512 832,2510 781,2508 731,2506 680,2503 630,2502 579,2499 528,2497 478,2496 427,2493 377,2491 326,2490 276,2488 225,2486 175,2484 124,2484 74,2482"/>
                <Baseline points="74,2502 124,2504 175,2504 225,2506 276,2508 326,2510 377,2511 427,2513 478,2516 528,2517 579,2519 630,2522 680,2523 731,2526 781,2528 832,2530 882,2532 933,2534 983,2537 1034,2539 1085,2541"/>
                <TextEquiv>
                    <Unicode>und 240 iſt einiges Nähere über die Spendung der Taufe und</Unicode>
                </TextEquiv>
            </TextLine>
            <TextLine id="r1l126" custom="readingOrder {index:52;}">
                <Coords points="77,2554 125,2557 173,2559 221,2560 269,2562 317,2565 365,2566 413,2568 461,2569 509,2571 557,2572 605,2574 653,2575 701,2577 749,2579 797,2581 845,2583 893,2585 941,2588 989,2590 1037,2593 1037,2563 989,2560 941,2558 893,2555 845,2553 797,2551 749,2549 701,2547 653,2545 605,2544 557,2542 509,2541 461,2539 413,2538 365,2536 317,2535 269,2532 221,2530 173,2529 125,2527 77,2524"/>
                <Baseline points="77,2544 125,2547 173,2549 221,2550 269,2552 317,2555 365,2556 413,2558 461,2559 509,2561 557,2562 605,2564 653,2565 701,2567 749,2569 797,2571 845,2573 893,2575 941,2578 989,2580 1037,2583"/>
                <TextEquiv>
                    <Unicode>Firmung und über die dabei zuzuziehenden Pathen angegeben.</Unicode>
                </TextEquiv>
            </TextLine>
            <TextLine id="r1l129" custom="readingOrder {index:53;}">
                <Coords points="98,2614 223,2620 268,2622 313,2623 358,2625 403,2626 448,2628 492,2628 537,2629 582,2631 627,2632 672,2634 717,2635 762,2637 806,2638 851,2640 896,2643 941,2644 986,2647 1031,2649 1076,2653 1076,2623 1031,2619 986,2617 941,2614 896,2613 851,2610 806,2608 762,2607 717,2605 672,2604 627,2602 582,2601 537,2599 492,2598 448,2598 403,2596 358,2595 313,2593 268,2592 223,2590 98,2584"/>
                <Baseline points="98,2608 223,2610 268,2612 313,2613 358,2615 403,2616 448,2618 492,2618 537,2619 582,2621 627,2622 672,2624 717,2625 762,2627 806,2628 851,2630 896,2633 941,2634 986,2637 1031,2639 1076,2643"/>
                <TextEquiv>
                    <Unicode>— Von dem 1845 erſchienenen erſten Theile der Ueberſetzung</Unicode>
                </TextEquiv>
            </TextLine>
            <TextLine id="r1l131" custom="readingOrder {index:54;}">
                <Coords points="66,2655 116,2658 167,2661 218,2663 269,2665 320,2667 370,2670 421,2671 472,2673 523,2674 574,2676 624,2676 675,2678 726,2679 777,2680 828,2682 878,2684 929,2686 980,2689 1031,2691 1082,2694 1082,2664 1031,2661 980,2659 929,2656 878,2654 828,2652 777,2650 726,2649 675,2648 624,2646 574,2646 523,2644 472,2643 421,2641 370,2640 320,2637 269,2635 218,2633 167,2631 116,2628 66,2625"/>
                <Baseline points="66,2645 116,2648 167,2651 218,2653 269,2655 320,2657 370,2660 421,2661 472,2663 523,2664 574,2666 624,2666 675,2668 726,2669 777,2670 828,2672 878,2674 929,2676 980,2679 1031,2681 1082,2684"/>
                <TextEquiv>
                    <Unicode>und Erklärung des Jeſaja (Cap. 1—12) von M. Drechſler</Unicode>
                </TextEquiv>
            </TextLine>
            <TextLine id="r1l133" custom="readingOrder {index:55;}">
                <Coords points="75,2695 125,2700 175,2704 225,2706 275,2709 325,2711 375,2713 425,2715 475,2716 525,2718 575,2719 625,2720 675,2721 725,2722 775,2724 825,2725 875,2727 925,2728 975,2731 1025,2733 1076,2736 1076,2706 1025,2703 975,2701 925,2698 875,2697 825,2695 775,2694 725,2692 675,2691 625,2690 575,2689 525,2688 475,2686 425,2685 375,2683 325,2681 275,2679 225,2676 175,2674 125,2670 75,2665"/>
                <Baseline points="75,2685 125,2690 175,2694 225,2696 275,2699 325,2701 375,2703 425,2705 475,2706 525,2708 575,2709 625,2710 675,2711 725,2712 775,2714 825,2715 875,2717 925,2718 975,2721 1025,2723 1076,2726"/>
                <TextEquiv>
                    <Unicode>(✝ 1850) iſt eine zweite und unveränderte Auflage erſchienen</Unicode>
                </TextEquiv>
            </TextLine>
            <TextLine id="r1l135" custom="readingOrder {index:56;}">
                <Coords points="59,2739 114,2742 157,2746 201,2748 244,2751 288,2753 331,2755 374,2757 418,2758 461,2759 505,2760 548,2761 591,2763 635,2763 678,2764 722,2766 765,2767 808,2767 852,2769 895,2770 955,2772 955,2742 895,2740 852,2739 808,2737 765,2737 722,2736 678,2734 635,2733 591,2733 548,2731 505,2730 461,2729 418,2728 374,2727 331,2725 288,2723 244,2721 201,2718 157,2716 114,2712 59,2709"/>
                <Baseline points="55,2729 114,2732 157,2736 201,2738 244,2741 288,2743 331,2745 374,2747 418,2748 461,2749 505,2750 548,2751 591,2753 635,2753 678,2754 722,2756 765,2757 808,2757 852,2759 895,2760 948,2764"/>
                <TextEquiv>
                    <Unicode>(Berlin, G. Schlawitz 1865. 118 S. gr. 8. 2 Thlr.).</Unicode>
                </TextEquiv>
            </TextLine>
            <TextLine id="r1l138" custom="readingOrder {index:57;}">
                <Coords points="89,2805 216,2812 262,2812 307,2814 353,2815 398,2815 444,2817 489,2818 535,2820 580,2821 626,2823 672,2823 717,2824 763,2826 808,2827 854,2829 899,2830 945,2830 990,2832 1036,2833 1082,2833 1082,2803 1036,2803 990,2802 945,2800 899,2800 854,2799 808,2797 763,2796 717,2794 672,2793 626,2793 580,2791 535,2790 489,2788 444,2787 398,2785 353,2785 307,2784 262,2782 216,2782 89,2775"/>
                <Baseline points="101,2803 216,2802 262,2802 307,2804 353,2805 398,2805 444,2807 489,2808 535,2810 580,2811 626,2813 672,2813 717,2814 763,2816 808,2817 854,2819 899,2820 945,2820 990,2822 1036,2823 1082,2823"/>
                <TextEquiv>
                    <Unicode>— „Zur Förderung der religiös⸗freiſinnigen Beſtrebungen des</Unicode>
                </TextEquiv>
            </TextLine>
            <TextLine id="r1l140" custom="readingOrder {index:58;}">
                <Coords points="57,2841 121,2844 171,2848 221,2851 271,2855 321,2857 371,2860 421,2861 471,2863 521,2865 572,2866 622,2867 672,2868 722,2869 772,2869 822,2871 872,2872 922,2873 972,2874 1022,2875 1073,2878 1073,2848 1022,2845 972,2844 922,2843 872,2842 822,2841 772,2839 722,2839 672,2838 622,2837 572,2836 521,2835 471,2833 421,2831 371,2830 321,2827 271,2825 221,2821 171,2818 121,2814 57,2811"/>
                <Baseline points="55,2830 121,2834 171,2838 221,2841 271,2845 321,2847 371,2850 421,2851 471,2853 521,2855 572,2856 622,2857 672,2858 722,2859 772,2859 822,2861 872,2862 922,2863 972,2864 1022,2865 1073,2868"/>
                <TextEquiv>
                    <Unicode>in Eiſenach begründeten deutſchen Proteſtantenvereins” erſcheinen</Unicode>
                </TextEquiv>
            </TextLine>
            <TextLine id="r1l142" custom="readingOrder {index:59;}">
                <Coords points="65,2884 115,2888 165,2892 215,2895 266,2898 316,2900 366,2902 417,2904 467,2906 517,2908 568,2908 618,2910 668,2911 718,2912 769,2913 819,2914 869,2916 920,2917 970,2919 1020,2920 1071,2922 1071,2892 1020,2890 970,2889 920,2887 869,2886 819,2884 769,2883 718,2882 668,2881 618,2880 568,2878 517,2878 467,2876 417,2874 366,2872 316,2870 266,2868 215,2865 165,2862 115,2858 65,2854"/>
                <Baseline points="65,2874 115,2878 165,2882 215,2885 266,2888 316,2890 366,2892 417,2894 467,2896 517,2898 568,2898 618,2900 668,2901 718,2902 769,2903 819,2904 869,2906 920,2907 970,2909 1020,2910 1071,2912"/>
                <TextEquiv>
                    <Unicode>bei Friderichs in Elberfeld vom 1. Jan. 1866 an „Proteſtan⸗</Unicode>
                </TextEquiv>
            </TextLine>
            <TextLine id="r1l144" custom="readingOrder {index:60;}">
                <Coords points="59,2925 109,2929 160,2934 211,2938 261,2940 312,2944 363,2946 413,2947 464,2949 515,2950 566,2952 616,2953 667,2953 718,2955 768,2956 819,2957 870,2958 920,2959 971,2961 1022,2962 1073,2965 1073,2935 1022,2932 971,2931 920,2929 870,2928 819,2927 768,2926 718,2925 667,2923 616,2923 566,2922 515,2920 464,2919 413,2917 363,2916 312,2914 261,2910 211,2908 160,2904 109,2899 59,2895"/>
                <Baseline points="59,2915 109,2919 160,2924 211,2928 261,2930 312,2934 363,2936 413,2937 464,2939 515,2940 566,2942 616,2943 667,2943 718,2945 768,2946 819,2947 870,2948 920,2949 971,2951 1022,2952 1073,2955"/>
                <TextEquiv>
                    <Unicode>tiſche Flugblätter, im Auftrage des Proteſtantenvereins re⸗</Unicode>
                </TextEquiv>
            </TextLine>
            <TextLine id="r1l146" custom="readingOrder {index:61;}">
                <Coords points="65,2968 116,2973 167,2977 218,2980 269,2985 320,2987 371,2989 422,2992 473,2994 524,2995 575,2997 626,2998 677,3000 728,3000 779,3001 830,3003 881,3004 932,3004 983,3006 1034,3007 1085,3009 1085,2979 1034,2977 983,2976 932,2974 881,2974 830,2973 779,2971 728,2970 677,2970 626,2968 575,2967 524,2965 473,2964 422,2962 371,2959 320,2957 269,2955 218,2950 167,2947 116,2943 65,2938"/>
                <Baseline points="65,2958 116,2963 167,2967 218,2970 269,2975 320,2977 371,2979 422,2982 473,2984 524,2985 575,2987 626,2988 677,2990 728,2990 779,2991 830,2993 881,2994 932,2994 983,2996 1034,2997 1085,2999"/>
                <TextEquiv>
                    <Unicode>digirt und herausgegeben von Decan Dr. K. Zittel in Heidel⸗</Unicode>
                </TextEquiv>
            </TextLine>
            <TextEquiv>
                <Unicode>wirklich das Todesurtheil über Jeſus gefällt hätten. Denn Jeſus
ſei dann ja nur verurtheilt worden, weil er ſich für den „Sohn
Gottes” ausgegeben und dadurch das jüdiſche Dogma von der
„Einheit und Unkörperlichkeit Gottes” beſtritten habe. Nur in
Folge einer göttlichen Offenbarung hätte das Synedrium berech⸗
tigt ſein können, im vorliegenden Falle das Todesurtheil nicht zu
ſprechen; eine ſolche aber dürfe nach chriſtlicher Anſchauung nicht
einmal als möglich angenommen werden, weil nach ihr der Tod
Jeſu im Plane der Vorſehung gelegen habe.
Mit S. 31 beginnt die Darſtellung der Ereigniſſe, welche der
Verf. für hiſtoriſch hält. Ihr zufolge iſt die Berichterſtattung der
Synoptiker über den Prozeß Jeſu widerſpruchsvoll und unglaub⸗
würdig; eine Gerichtsverhandlung vor dem Synedrium hat gar
nicht Statt gefunden; die Juden haben überhaupt Jeſum während
ſeiner ganzen Wirkſamkeit unangefochten gelaſſen (!). Der Ein⸗
zug Jeſu in Jeruſalem aber veranlaßte den grauſamen Pilatus,
ihn vor ſeinen Richterſtuhl zu ziehen. Wie ſoll auch, meint Ph.,
das Volk heute dem Propheten zujubeln, und über wenige Tage
hartnäckig ihn ans Kreuz fordern? Wie ſoll der harte, unbeug⸗
ſame Prokurator ſich durch Bitten und Drohen der jüdiſchen Volks⸗
menge gegen ſeine Ueberzeugung zwingen laſſen, einen Unſchuldi⸗
jen zu verurtheilen? Zur Vollendung der Argumentation wird
dann noch erklärt, das jüdiſche Synedrium habe ſich nie um reli⸗
giöſe Streitigkeiten bekümmert. — Eine Analyſe ſo oberflächlicher
Bemerkungen wird Niemand verlangen, zumal dieſelben ausnahms⸗
los ſchon früher und viel geſchickter gemacht worden ſind. Nur
bezüglich der zuletzt angeführten kann man den Gedanken nicht
unterdrücken, daß doch wenigſtens über jüdiſche Dinge ein Jude
beſſer unterrichtet ſein müſſe, als der Herr Doktor es iſt. Abge⸗
ſehen davon, daß es ſich in der vorliegenden Frage um eine Ge⸗
richtsſache und nicht um eine Entſcheidung über religiöſe Streitig⸗
keiten handelt, bitten wir den Hrn Verf., falls ihm dieſe Zeilen
je zu Geſicht kommen ſollten, gefälligſt nachzuſchlagen Selden,
de synedr. p. 1041 ff.
Bonn. Langen.
Literariſche Notizen.
— Von dem „Lehrbuch der katholiſchen Moral” von
Dr. Konrad Martin, Biſchof von Paderborn, iſt die fünfte
Auflage erſchienen (Mainz, Kirchheim 1865. XXIV u. 816 S.
3 Thlr.). Laut der Vorrede iſt das Werk „einer abermaligen
ſtrengen Reviſion unterworfen, und in Folge derſelben, der für
die praktiſche Seelſorge ſo wichtige Abſchnitt von den heiligen Sa⸗
cramenten vielfach theils gänzlich umgearbeitet theils verbeſſert
und durch namhafte Zuſätze bereichert worden.” Im Einzelnen
finden wir folgende Puncte ausführlicher als in den bisherigen
Auflagen erörtert: Die Pflicht des Empfanges der h. Communion;
die dazu erforderliche Vorbereitung, insbeſondere das zu beobachtende
ieiunium naturale (§ 241); die Pflicht des Beichtens; das Beicht⸗
ſiegel (§ 245); Empfänger und Spender des Sacraments der
h. Oelung (§ 247); Vorbereitung auf den Empfang der Prieſter⸗
weihe und des Eheſacraments (§ 248). Auch in den §§ 239
und 240 iſt einiges Nähere über die Spendung der Taufe und
Firmung und über die dabei zuzuziehenden Pathen angegeben.
— Von dem 1845 erſchienenen erſten Theile der Ueberſetzung
und Erklärung des Jeſaja (Cap. 1—12) von M. Drechſler
(✝ 1850) iſt eine zweite und unveränderte Auflage erſchienen
(Berlin, G. Schlawitz 1865. 118 S. gr. 8. 2 Thlr.).
— „Zur Förderung der religiös⸗freiſinnigen Beſtrebungen des
in Eiſenach begründeten deutſchen Proteſtantenvereins” erſcheinen
bei Friderichs in Elberfeld vom 1. Jan. 1866 an „Proteſtan⸗
tiſche Flugblätter, im Auftrage des Proteſtantenvereins re⸗
digirt und herausgegeben von Decan Dr. K. Zittel in Heidel⸗</Unicode>
            </TextEquiv>
        </TextRegion>
        <TextRegion orientation="0.0" id="TextRegion_1617778348728_219" custom="readingOrder {index:2;}">
            <Coords points="1121,141 2183,141 2181,3016 1121,3016"/>
            <TextLine id="line_1617779766699_406" custom="readingOrder {index:0;}">
                <Coords points="1154,190 1187,190 1881,193 2163,201 2163,231 1976,231 1221,222 1154,220"/>
                <Baseline points="1154,210 1187,210 1221,212 1254,212 1288,212 1321,213 1355,213 1388,213 1422,213 1455,214 1489,215 1522,215 1556,215 1589,215 1623,215 1656,215 1690,215 1723,216 1757,216 1790,216 1824,216 1848,213 1881,213 1923,218 1949,219 1976,221 2003,221 2029,221 2056,221 2083,221 2109,221 2136,221 2163,221"/>
                <TextEquiv>
                    <Unicode>berg”, jährlich 10 Nummern für 10 Sgr. — alſo im gewiſſen</Unicode>
                </TextEquiv>
            </TextLine>
            <TextLine id="r1l9" custom="readingOrder {index:1;}">
                <Coords points="1163,262 1209,264 1256,264 1303,265 1350,267 1397,267 1444,268 1490,268 1537,268 1584,269 1631,270 1678,270 1725,270 1772,270 1818,271 1865,271 1912,271 1959,273 2006,273 2053,274 2100,276 2100,246 2053,244 2006,243 1959,243 1912,241 1865,241 1818,241 1772,240 1725,240 1678,240 1631,240 1584,239 1537,238 1490,238 1444,238 1397,237 1350,237 1303,235 1256,234 1209,234 1163,232"/>
                <Baseline points="1163,252 1209,254 1256,254 1303,255 1350,257 1397,257 1444,258 1490,258 1537,258 1584,259 1631,260 1678,260 1725,260 1772,260 1818,261 1865,261 1912,261 1959,263 2006,263 2053,264 2100,266"/>
                <TextEquiv>
                    <Unicode>Sinne eine Nachahmung des Frankfurter Broſchürenvereins.</Unicode>
                </TextEquiv>
            </TextLine>
            <TextLine id="r1l11" custom="readingOrder {index:2;}">
                <Coords points="1190,323 1321,325 1365,325 1409,327 1454,327 1498,327 1542,327 1586,328 1631,328 1675,328 1719,328 1763,330 1808,330 1852,330 1896,331 1940,331 1985,331 2029,333 2073,333 2117,334 2162,336 2162,306 2117,304 2073,303 2029,303 1985,301 1940,301 1896,301 1852,300 1808,300 1763,300 1719,298 1675,298 1631,298 1586,298 1542,297 1498,297 1454,297 1409,297 1365,295 1321,295 1190,293"/>
                <Baseline points="1199,316 1321,315 1365,315 1409,317 1454,317 1498,317 1542,317 1586,318 1631,318 1675,318 1719,318 1763,320 1808,320 1852,320 1896,321 1940,321 1985,321 2029,323 2073,323 2117,324 2162,326"/>
                <TextEquiv>
                    <Unicode>— Die Vorrede zur zweiten Auflage der „Dichter des</Unicode>
                </TextEquiv>
            </TextLine>
            <TextLine id="r1l13" custom="readingOrder {index:3;}">
                <Coords points="1157,366 1207,367 1258,367 1309,367 1359,369 1410,369 1461,369 1511,369 1562,370 1613,370 1664,370 1714,372 1765,372 1816,373 1866,373 1917,375 1968,375 2018,376 2069,378 2120,378 2171,379 2171,349 2120,348 2069,348 2018,346 1968,345 1917,345 1866,343 1816,343 1765,342 1714,342 1664,340 1613,340 1562,340 1511,339 1461,339 1410,339 1359,339 1309,337 1258,337 1207,337 1157,336"/>
                <Baseline points="1157,356 1207,357 1258,357 1309,357 1359,359 1410,359 1461,359 1511,359 1562,360 1613,360 1664,360 1714,362 1765,362 1816,363 1866,363 1917,365 1968,365 2018,366 2069,368 2120,368 2171,369"/>
                <TextEquiv>
                    <Unicode>Alten Bundes” von Prof. Ewald in Göttingen enthält</Unicode>
                </TextEquiv>
            </TextLine>
            <TextLine id="r1l15" custom="readingOrder {index:4;}">
                <Coords points="1160,409 1210,410 1260,411 1310,412 1361,412 1411,412 1461,414 1511,414 1562,414 1612,414 1662,415 1712,415 1763,415 1813,415 1863,417 1913,417 1964,417 2014,418 2064,419 2114,420 2165,421 2165,391 2114,390 2064,389 2014,388 1964,387 1913,387 1863,387 1813,385 1763,385 1712,385 1662,385 1612,384 1562,384 1511,384 1461,384 1411,382 1361,382 1310,382 1260,381 1210,380 1160,379"/>
                <Baseline points="1160,399 1210,400 1260,401 1310,402 1361,402 1411,402 1461,404 1511,404 1562,404 1612,404 1662,405 1712,405 1763,405 1813,405 1863,407 1913,407 1964,407 2014,408 2064,409 2114,410 2165,411"/>
                <TextEquiv>
                    <Unicode>nur eine ganz kurze Stelle über die preußiſche Politik in Schles⸗</Unicode>
                </TextEquiv>
            </TextLine>
            <TextLine id="r1l17" custom="readingOrder {index:5;}">
                <Coords points="1161,450 1211,451 1261,453 1311,454 1361,456 1411,456 1461,457 1511,457 1561,457 1611,459 1661,459 1711,459 1761,459 1811,459 1861,460 1911,460 1961,462 2011,462 2061,463 2111,464 2162,466 2162,436 2111,434 2061,433 2011,432 1961,432 1911,430 1861,430 1811,429 1761,429 1711,429 1661,429 1611,429 1561,427 1511,427 1461,427 1411,426 1361,426 1311,424 1261,423 1211,421 1161,420"/>
                <Baseline points="1161,440 1211,441 1261,443 1311,444 1361,446 1411,446 1461,447 1511,447 1561,447 1611,449 1661,449 1711,449 1761,449 1811,449 1861,450 1911,450 1961,452 2011,452 2061,453 2111,454 2162,456"/>
                <TextEquiv>
                    <Unicode>wig⸗Holſtein (wir laſſen ſie nicht abdrucken, damit nicht gleich</Unicode>
                </TextEquiv>
            </TextLine>
            <TextLine id="r1l19" custom="readingOrder {index:6;}">
                <Coords points="1158,495 1208,496 1259,496 1309,498 1360,499 1410,499 1461,499 1511,501 1562,501 1612,501 1663,501 1714,502 1764,502 1815,502 1865,502 1916,502 1966,504 2017,504 2067,505 2118,506 2169,507 2169,477 2118,476 2067,475 2017,474 1966,474 1916,472 1865,472 1815,472 1764,472 1714,472 1663,471 1612,471 1562,471 1511,471 1461,469 1410,469 1360,469 1309,468 1259,466 1208,466 1158,465"/>
                <Baseline points="1158,485 1208,486 1259,486 1309,488 1360,489 1410,489 1461,489 1511,491 1562,491 1612,491 1663,491 1714,492 1764,492 1815,492 1865,492 1916,492 1966,494 2017,494 2067,495 2118,496 2169,497"/>
                <TextEquiv>
                    <Unicode>die erſte Nummer confiscirt werde); die lange Vorrede, der er⸗</Unicode>
                </TextEquiv>
            </TextLine>
            <TextLine id="r1l21" custom="readingOrder {index:7;}">
                <Coords points="1145,538 1216,540 1266,541 1316,541 1366,541 1416,543 1465,543 1515,544 1565,544 1615,544 1665,546 1714,546 1764,546 1814,547 1864,547 1914,547 1963,548 2013,549 2063,549 2113,549 2163,549 2163,519 2113,519 2063,519 2013,519 1963,518 1914,517 1864,517 1814,517 1764,516 1714,516 1665,516 1615,514 1565,514 1515,514 1465,513 1416,513 1366,511 1316,511 1266,511 1216,510 1145,508"/>
                <Baseline points="1150,533 1216,530 1266,531 1316,531 1366,531 1416,533 1465,533 1515,534 1565,534 1615,534 1665,536 1714,536 1764,536 1814,537 1864,537 1914,537 1963,538 2013,539 2063,539 2113,539 2163,539"/>
                <TextEquiv>
                    <Unicode>ſten Auflage iſt nicht wieder abgedruckt, weil Ewald „ſchon lange</Unicode>
                </TextEquiv>
            </TextLine>
            <TextLine id="line_1617779913419_422" custom="readingOrder {index:8;}">
                <Coords points="1160,553 1313,553 2084,559 2165,562 2165,592 2111,592 1657,589 1542,588 1160,583"/>
                <Baseline points="1160,573 1198,573 1236,573 1274,573 1313,573 1351,575 1389,575 1427,575 1466,576 1504,576 1542,578 1580,578 1619,578 1657,579 1695,579 1733,579 1772,579 1810,579 1848,579 1886,579 1925,579 2084,579 2111,582 2138,582 2165,582"/>
                <TextEquiv>
                    <Unicode>allen dieſen früheren vorreden längeren umfanges,” — welche</Unicode>
                </TextEquiv>
            </TextLine>
            <TextLine id="r1l26" custom="readingOrder {index:9;}">
                <Coords points="1141,626 1213,627 1263,627 1313,627 1363,627 1413,628 1463,628 1514,630 1564,630 1614,630 1664,631 1714,631 1764,633 1814,633 1865,634 1915,634 1965,634 2015,634 2065,634 2115,634 2166,633 2166,603 2115,604 2065,604 2015,604 1965,604 1915,604 1865,604 1814,603 1764,603 1714,601 1664,601 1614,600 1564,600 1514,600 1463,598 1413,598 1363,597 1313,597 1263,597 1213,597 1141,596"/>
                <Baseline points="1146,618 1213,617 1263,617 1313,617 1363,617 1413,618 1463,618 1514,620 1564,620 1614,620 1664,621 1714,621 1764,623 1814,623 1865,624 1915,624 1965,624 2015,624 2065,624 2115,624 2166,623"/>
                <TextEquiv>
                    <Unicode>großentheils ſehr drollige Expectorationen über dies und jenes</Unicode>
                </TextEquiv>
            </TextLine>
            <TextLine id="r1l28" custom="readingOrder {index:10;}">
                <Coords points="1151,667 1200,669 1250,669 1300,670 1350,671 1400,672 1450,672 1499,673 1549,673 1599,675 1649,675 1699,676 1749,676 1799,676 1848,678 1898,678 1948,678 1998,678 2048,678 2098,678 2148,678 2148,648 2098,648 2048,648 1998,648 1948,648 1898,648 1848,648 1799,646 1749,646 1699,646 1649,645 1599,645 1549,643 1499,643 1450,642 1400,642 1350,641 1300,640 1250,639 1200,639 1151,637"/>
                <Baseline points="1151,657 1200,659 1250,659 1300,660 1350,661 1400,662 1450,662 1499,663 1549,663 1599,665 1649,665 1699,666 1749,666 1799,666 1848,668 1898,668 1948,668 1998,668 2048,668 2098,668 2148,668"/>
                <TextEquiv>
                    <Unicode>enthalten, — an einem geeigneten orte zuſammenzuſtellen wünſcht.”</Unicode>
                </TextEquiv>
            </TextLine>
            <TextLine id="r1l31" custom="readingOrder {index:11;}">
                <Coords points="1174,727 1309,729 1354,729 1399,730 1443,731 1488,732 1533,733 1577,733 1622,733 1667,735 1712,735 1756,735 1801,736 1846,736 1890,736 1935,738 1980,738 2024,738 2069,738 2114,738 2159,739 2159,709 2114,708 2069,708 2024,708 1980,708 1935,708 1890,706 1846,706 1801,706 1756,705 1712,705 1667,705 1622,703 1577,703 1533,703 1488,702 1443,701 1399,700 1354,699 1309,699 1174,697"/>
                <Baseline points="1182,719 1309,719 1354,719 1399,720 1443,721 1488,722 1533,723 1577,723 1622,723 1667,725 1712,725 1756,725 1801,726 1846,726 1890,726 1935,728 1980,728 2024,728 2069,728 2114,728 2159,729"/>
                <TextEquiv>
                    <Unicode>— Die vortreffliche Trauerrede auf den Geſellenvater</Unicode>
                </TextEquiv>
            </TextLine>
            <TextLine id="r1l33" custom="readingOrder {index:12;}">
                <Coords points="1148,771 1198,771 1248,772 1299,772 1349,774 1400,774 1450,775 1501,776 1551,777 1602,778 1652,778 1702,778 1753,780 1803,780 1854,780 1904,781 1955,781 2005,781 2056,781 2106,781 2157,780 2157,750 2106,751 2056,751 2005,751 1955,751 1904,751 1854,750 1803,750 1753,750 1702,748 1652,748 1602,748 1551,747 1501,746 1450,745 1400,744 1349,744 1299,742 1248,742 1198,741 1148,741"/>
                <Baseline points="1148,761 1198,761 1248,762 1299,762 1349,764 1400,764 1450,765 1501,766 1551,767 1602,768 1652,768 1702,768 1753,770 1803,770 1854,770 1904,771 1955,771 2005,771 2056,771 2106,771 2157,770"/>
                <TextEquiv>
                    <Unicode>Adolph Kolping von Dr. Voſen iſt zum Beſten des Köl⸗</Unicode>
                </TextEquiv>
            </TextLine>
            <TextLine id="r1l35" custom="readingOrder {index:13;}">
                <Coords points="1155,813 1205,813 1255,814 1305,814 1355,816 1406,816 1456,817 1506,817 1556,819 1606,819 1657,820 1707,821 1757,822 1807,823 1857,823 1908,823 1958,825 2008,825 2058,825 2108,825 2159,825 2159,795 2108,795 2058,795 2008,795 1958,795 1908,793 1857,793 1807,793 1757,792 1707,791 1657,790 1606,789 1556,789 1506,787 1456,787 1406,786 1355,786 1305,784 1255,784 1205,783 1155,783"/>
                <Baseline points="1155,803 1205,803 1255,804 1305,804 1355,806 1406,806 1456,807 1506,807 1556,809 1606,809 1657,810 1707,811 1757,812 1807,813 1857,813 1908,813 1958,815 2008,815 2058,815 2108,815 2159,815"/>
                <TextEquiv>
                    <Unicode>niſchen Geſellen⸗Hoſpitiums nach ſtenographiſcher Aufzeichnung</Unicode>
                </TextEquiv>
            </TextLine>
            <TextLine id="r1l38" custom="readingOrder {index:14;}">
                <Coords points="1146,858 1196,858 1247,859 1297,859 1348,859 1398,861 1449,861 1499,862 1550,862 1600,864 1651,864 1702,865 1752,865 1803,867 1853,867 1904,868 1954,868 2005,870 2055,870 2106,870 2157,870 2157,840 2106,840 2055,840 2005,840 1954,838 1904,838 1853,837 1803,837 1752,835 1702,835 1651,834 1600,834 1550,832 1499,832 1449,831 1398,831 1348,829 1297,829 1247,829 1196,828 1146,828"/>
                <Baseline points="1146,848 1196,848 1247,849 1297,849 1348,849 1398,851 1449,851 1499,852 1550,852 1600,854 1651,854 1702,855 1752,855 1803,857 1853,857 1904,858 1954,858 2005,860 2055,860 2106,860 2157,860"/>
                <TextEquiv>
                    <Unicode>gedruckt worden (Köln, Bachem. 5 Sgr.). Wir möchten durch</Unicode>
                </TextEquiv>
            </TextLine>
            <TextLine id="r1l40" custom="readingOrder {index:15;}">
                <Coords points="1145,903 1196,903 1247,903 1298,904 1349,904 1400,904 1451,906 1502,906 1553,906 1604,907 1655,909 1706,909 1757,909 1808,910 1859,910 1910,912 1961,912 2012,913 2063,913 2114,913 2165,913 2165,883 2114,883 2063,883 2012,883 1961,882 1910,882 1859,880 1808,880 1757,879 1706,879 1655,879 1604,877 1553,876 1502,876 1451,876 1400,874 1349,874 1298,874 1247,873 1196,873 1145,873"/>
                <Baseline points="1145,893 1196,893 1247,893 1298,894 1349,894 1400,894 1451,896 1502,896 1553,896 1604,897 1655,899 1706,899 1757,899 1808,900 1859,900 1910,902 1961,902 2012,903 2063,903 2114,903 2165,903"/>
                <TextEquiv>
                    <Unicode>dieſe Notiz auch unſererſeits zur Verbreitung des Schriftchens bei⸗</Unicode>
                </TextEquiv>
            </TextLine>
            <TextLine id="r1l42" custom="readingOrder {index:16;}">
                <Coords points="1145,943 1175,946 1205,945 1236,948 1236,918 1205,915 1175,916 1145,913"/>
                <Baseline points="1145,933 1175,936 1205,935 1236,938"/>
                <TextEquiv>
                    <Unicode>tragen.</Unicode>
                </TextEquiv>
            </TextLine>
            <TextLine id="r1l46" custom="readingOrder {index:17;}">
                <Coords points="1196,1066 1244,1065 1292,1066 1340,1066 1388,1066 1437,1068 1485,1068 1533,1069 1581,1071 1629,1072 1678,1072 1726,1074 1774,1075 1822,1076 1870,1077 1919,1078 1967,1078 2015,1078 2063,1078 2111,1078 2160,1077 2160,1047 2111,1048 2063,1048 2015,1048 1967,1048 1919,1048 1870,1047 1822,1046 1774,1045 1726,1044 1678,1042 1629,1042 1581,1041 1533,1039 1485,1038 1437,1038 1388,1036 1340,1036 1292,1036 1244,1035 1196,1036"/>
                <Baseline points="1196,1056 1244,1055 1292,1056 1340,1056 1388,1056 1437,1058 1485,1058 1533,1059 1581,1061 1629,1062 1678,1062 1726,1064 1774,1065 1822,1066 1870,1067 1919,1068 1967,1068 2015,1068 2063,1068 2111,1068 2160,1067"/>
                <TextEquiv>
                    <Unicode>Die folgenden Nummern werden u. a. enthalten Artikel über</Unicode>
                </TextEquiv>
            </TextLine>
            <TextLine id="r1l48" custom="readingOrder {index:18;}">
                <Coords points="1154,1119 1182,1119 1211,1119 1239,1119 1268,1119 1297,1119 1325,1120 1354,1120 1383,1120 1411,1120 1440,1122 1469,1122 1497,1122 1526,1123 1555,1123 1583,1123 1612,1125 1641,1125 1669,1125 1698,1126 1751,1126 1751,1096 1698,1096 1669,1095 1641,1095 1612,1095 1583,1093 1555,1093 1526,1093 1497,1092 1469,1092 1440,1092 1411,1090 1383,1090 1354,1090 1325,1090 1297,1089 1268,1089 1239,1089 1211,1089 1182,1089 1154,1089"/>
                <Baseline points="1154,1109 1182,1109 1211,1109 1239,1109 1268,1109 1297,1109 1325,1110 1354,1110 1383,1110 1411,1110 1440,1112 1469,1112 1497,1112 1526,1113 1555,1113 1583,1113 1612,1115 1641,1115 1669,1115 1698,1116 1745,1116"/>
                <TextEquiv>
                    <Unicode>Arneth, Maria Thereſia, von Weiß.</Unicode>
                </TextEquiv>
            </TextLine>
            <TextLine id="r1l50" custom="readingOrder {index:19;} textStyle {offset:0; length:6;italic:true; fontSize:0.0; kerning:0;}">
                <Coords points="1145,1153 1180,1153 1215,1154 1250,1155 1285,1155 1320,1156 1355,1156 1390,1156 1425,1158 1460,1158 1496,1159 1531,1159 1566,1160 1601,1161 1636,1162 1671,1162 1706,1162 1741,1164 1776,1164 1811,1164 1847,1165 1847,1135 1811,1134 1776,1134 1741,1134 1706,1132 1671,1132 1636,1132 1601,1131 1566,1130 1531,1129 1496,1129 1460,1128 1425,1128 1390,1126 1355,1126 1320,1126 1285,1125 1250,1125 1215,1124 1180,1123 1145,1123"/>
                <Baseline points="1145,1143 1180,1143 1215,1144 1250,1145 1285,1145 1320,1146 1355,1146 1390,1146 1425,1148 1460,1148 1496,1149 1531,1149 1566,1150 1601,1151 1636,1152 1671,1152 1706,1152 1741,1154 1776,1154 1811,1154 1847,1155"/>
                <TextEquiv>
                    <Unicode>Beelen, Comm. in Acta Ap., von Reinke.</Unicode>
                </TextEquiv>
            </TextLine>
            <TextLine id="r1l51" custom="readingOrder {index:20;}">
                <Coords points="1151,1189 1189,1189 1227,1191 1265,1191 1304,1191 1342,1192 1380,1192 1418,1192 1457,1194 1495,1194 1533,1194 1571,1195 1610,1196 1648,1197 1686,1197 1724,1198 1763,1198 1801,1200 1839,1200 1877,1201 1916,1203 1916,1173 1877,1171 1839,1170 1801,1170 1763,1168 1724,1168 1686,1167 1648,1167 1610,1166 1571,1165 1533,1164 1495,1164 1457,1164 1418,1162 1380,1162 1342,1162 1304,1161 1265,1161 1227,1161 1189,1159 1151,1159"/>
                <Baseline points="1151,1179 1189,1179 1227,1181 1265,1181 1304,1181 1342,1182 1380,1182 1418,1182 1457,1184 1495,1184 1533,1184 1571,1185 1610,1186 1648,1187 1686,1187 1724,1188 1763,1188 1801,1190 1839,1190 1877,1191 1916,1193"/>
                <TextEquiv>
                    <Unicode>Bleek, Briefe an die Koloſſer etc., von Bisping.</Unicode>
                </TextEquiv>
            </TextLine>
            <TextLine id="r1l53" custom="readingOrder {index:21;}">
                <Coords points="1146,1224 1189,1225 1233,1225 1277,1226 1321,1227 1365,1227 1408,1228 1452,1228 1496,1230 1540,1230 1584,1231 1627,1233 1671,1233 1715,1234 1759,1234 1803,1236 1846,1237 1890,1237 1934,1239 1978,1240 2022,1242 2022,1212 1978,1210 1934,1209 1890,1207 1846,1207 1803,1206 1759,1204 1715,1204 1671,1203 1627,1203 1584,1201 1540,1200 1496,1200 1452,1198 1408,1198 1365,1197 1321,1197 1277,1196 1233,1195 1189,1195 1146,1194"/>
                <Baseline points="1146,1214 1189,1215 1233,1215 1277,1216 1321,1217 1365,1217 1408,1218 1452,1218 1496,1220 1540,1220 1584,1221 1627,1223 1671,1223 1715,1224 1759,1224 1803,1226 1846,1227 1890,1227 1934,1229 1978,1230 2022,1232"/>
                <TextEquiv>
                    <Unicode>Friedberg, das Recht der Eheſchließung, von Schulte.</Unicode>
                </TextEquiv>
            </TextLine>
            <TextLine id="r1l55" custom="readingOrder {index:22;}">
                <Coords points="1154,1261 1201,1261 1249,1263 1297,1263 1345,1264 1393,1264 1441,1265 1489,1266 1537,1267 1585,1268 1633,1269 1680,1270 1728,1270 1776,1272 1824,1273 1872,1275 1920,1276 1968,1276 2016,1278 2064,1279 2112,1281 2112,1251 2064,1249 2016,1248 1968,1246 1920,1246 1872,1245 1824,1243 1776,1242 1728,1240 1680,1240 1633,1239 1585,1238 1537,1237 1489,1236 1441,1235 1393,1234 1345,1234 1297,1233 1249,1233 1201,1231 1154,1231"/>
                <Baseline points="1154,1251 1201,1251 1249,1253 1297,1253 1345,1254 1393,1254 1441,1255 1489,1256 1537,1257 1585,1258 1633,1259 1680,1260 1728,1260 1776,1262 1824,1263 1872,1265 1920,1266 1968,1266 2016,1268 2064,1269 2112,1271"/>
                <TextEquiv>
                    <Unicode>Gregorovius, Geſch. der Stadt Rom, von H. Hagemann.</Unicode>
                </TextEquiv>
            </TextLine>
            <TextLine id="r1l58" custom="readingOrder {index:23;} textStyle {offset:0; length:4;italic:true; fontSize:0.0; kerning:0;}">
                <Coords points="1154,1299 1186,1299 1218,1299 1250,1299 1282,1299 1314,1300 1346,1300 1378,1300 1410,1302 1442,1302 1475,1302 1507,1303 1539,1303 1571,1305 1603,1305 1635,1306 1667,1306 1699,1307 1731,1308 1763,1308 1796,1309 1796,1279 1763,1278 1731,1278 1699,1277 1667,1276 1635,1276 1603,1275 1571,1275 1539,1273 1507,1273 1475,1272 1442,1272 1410,1272 1378,1270 1346,1270 1314,1270 1282,1269 1250,1269 1218,1269 1186,1269 1154,1269"/>
                <Baseline points="1154,1289 1186,1289 1218,1289 1250,1289 1282,1289 1314,1290 1346,1290 1378,1290 1410,1292 1442,1292 1475,1292 1507,1293 1539,1293 1571,1295 1603,1295 1635,1296 1667,1296 1699,1297 1731,1298 1763,1298 1796,1299"/>
                <TextEquiv>
                    <Unicode>Gury, Casus conscientiae, von Jocham.</Unicode>
                </TextEquiv>
            </TextLine>
            <TextLine id="r1l60" custom="readingOrder {index:24;}">
                <Coords points="1152,1335 1194,1336 1236,1336 1279,1336 1321,1336 1364,1338 1406,1338 1448,1339 1491,1339 1533,1341 1576,1341 1618,1342 1660,1343 1703,1344 1745,1345 1788,1345 1830,1345 1872,1347 1915,1347 1957,1347 2017,1349 2017,1319 1957,1317 1915,1317 1872,1317 1830,1315 1788,1315 1745,1315 1703,1314 1660,1313 1618,1312 1576,1311 1533,1311 1491,1309 1448,1309 1406,1308 1364,1308 1321,1306 1279,1306 1236,1306 1194,1306 1152,1305"/>
                <Baseline points="1152,1325 1194,1326 1236,1326 1279,1326 1321,1326 1364,1328 1406,1328 1448,1329 1491,1329 1533,1331 1576,1331 1618,1332 1660,1333 1703,1334 1745,1335 1788,1335 1830,1335 1872,1337 1915,1337 1957,1337 2000,1338"/>
                <TextEquiv>
                    <Unicode>Hoppe, die Epikleſis der griech. Liturgie, von Köſſing</Unicode>
                </TextEquiv>
            </TextLine>
            <TextLine id="r1l62" custom="readingOrder {index:25;}">
                <Coords points="1154,1374 1199,1374 1245,1374 1290,1375 1336,1375 1382,1375 1427,1376 1473,1377 1519,1377 1564,1378 1610,1378 1656,1380 1701,1380 1747,1381 1793,1381 1838,1383 1884,1384 1930,1384 1975,1386 2021,1387 2067,1389 2067,1359 2021,1357 1975,1356 1930,1354 1884,1354 1838,1353 1793,1351 1747,1351 1701,1350 1656,1350 1610,1348 1564,1348 1519,1347 1473,1347 1427,1346 1382,1345 1336,1345 1290,1345 1245,1344 1199,1344 1154,1344"/>
                <Baseline points="1154,1364 1199,1364 1245,1364 1290,1365 1336,1365 1382,1365 1427,1366 1473,1367 1519,1367 1564,1368 1610,1368 1656,1370 1701,1370 1747,1371 1793,1371 1838,1373 1884,1374 1930,1374 1975,1376 2021,1377 2067,1379"/>
                <TextEquiv>
                    <Unicode>Kellner, Hellenismus und Chriſtenthum, von C. Werner.</Unicode>
                </TextEquiv>
            </TextLine>
            <TextLine id="r1l64" custom="readingOrder {index:26;}">
                <Coords points="1140,1409 1191,1410 1225,1411 1259,1411 1293,1411 1327,1411 1361,1411 1394,1412 1428,1413 1462,1413 1496,1413 1530,1414 1564,1414 1598,1414 1631,1416 1665,1416 1699,1416 1733,1417 1767,1419 1801,1419 1835,1420 1835,1390 1801,1389 1767,1389 1733,1387 1699,1386 1665,1386 1631,1386 1598,1384 1564,1384 1530,1384 1496,1383 1462,1383 1428,1383 1394,1382 1361,1381 1327,1381 1293,1381 1259,1381 1225,1381 1191,1380 1140,1379"/>
                <Baseline points="1149,1402 1191,1400 1225,1401 1259,1401 1293,1401 1327,1401 1361,1401 1394,1402 1428,1403 1462,1403 1496,1403 1530,1404 1564,1404 1598,1404 1631,1406 1665,1406 1699,1406 1733,1407 1767,1409 1801,1409 1850,1411"/>
                <TextEquiv>
                    <Unicode>Kliefoth, das Buch Ezechiels, von Reuſch.</Unicode>
                </TextEquiv>
            </TextLine>
            <TextLine id="r1l66" custom="readingOrder {index:27;}">
                <Coords points="1151,1447 1195,1447 1240,1447 1285,1447 1330,1449 1374,1449 1419,1449 1464,1450 1509,1450 1553,1450 1598,1452 1643,1452 1688,1453 1732,1453 1777,1454 1822,1455 1867,1456 1911,1456 1956,1458 2001,1459 2046,1461 2046,1431 2001,1429 1956,1428 1911,1426 1867,1426 1822,1425 1777,1424 1732,1423 1688,1423 1643,1422 1598,1422 1553,1420 1509,1420 1464,1420 1419,1419 1374,1419 1330,1419 1285,1417 1240,1417 1195,1417 1151,1417"/>
                <Baseline points="1151,1437 1195,1437 1240,1437 1285,1437 1330,1439 1374,1439 1419,1439 1464,1440 1509,1440 1553,1440 1598,1442 1643,1442 1688,1443 1732,1443 1777,1444 1822,1445 1867,1446 1911,1446 1956,1448 2001,1449 2046,1451"/>
                <TextEquiv>
                    <Unicode>Köhler, die nachexiliſchen Propheten, von G. K. Mayer.</Unicode>
                </TextEquiv>
            </TextLine>
            <TextLine id="r1l68" custom="readingOrder {index:28;}">
                <Coords points="1160,1483 1198,1483 1237,1485 1275,1485 1314,1485 1352,1485 1391,1485 1429,1486 1468,1486 1506,1486 1545,1488 1584,1488 1622,1488 1661,1489 1699,1489 1738,1491 1776,1491 1815,1492 1853,1492 1892,1494 1931,1495 1931,1465 1892,1464 1853,1462 1815,1462 1776,1461 1738,1461 1699,1459 1661,1459 1622,1458 1584,1458 1545,1458 1506,1456 1468,1456 1429,1456 1391,1455 1352,1455 1314,1455 1275,1455 1237,1455 1198,1453 1160,1453"/>
                <Baseline points="1160,1473 1198,1473 1237,1475 1275,1475 1314,1475 1352,1475 1391,1475 1429,1476 1468,1476 1506,1476 1545,1478 1584,1478 1622,1478 1661,1479 1699,1479 1738,1481 1776,1481 1815,1482 1853,1482 1892,1484 1931,1485"/>
                <TextEquiv>
                    <Unicode>Maier, der 2. Brief an die Kor., von Bisping.</Unicode>
                </TextEquiv>
            </TextLine>
            <TextLine id="r1l71" custom="readingOrder {index:29;}">
                <Coords points="1148,1519 1190,1519 1233,1521 1275,1521 1318,1521 1361,1522 1403,1522 1446,1522 1489,1522 1531,1524 1574,1524 1617,1524 1659,1525 1702,1525 1745,1527 1787,1527 1830,1528 1873,1530 1915,1531 1958,1533 2001,1533 2001,1503 1958,1503 1915,1501 1873,1500 1830,1498 1787,1497 1745,1497 1702,1495 1659,1495 1617,1494 1574,1494 1531,1494 1489,1492 1446,1492 1403,1492 1361,1492 1318,1491 1275,1491 1233,1491 1190,1489 1148,1489"/>
                <Baseline points="1148,1509 1190,1509 1233,1511 1275,1511 1318,1511 1361,1512 1403,1512 1446,1512 1489,1512 1531,1514 1574,1514 1617,1514 1659,1515 1702,1515 1745,1517 1787,1517 1830,1518 1873,1520 1915,1521 1958,1523 2001,1523"/>
                <TextEquiv>
                    <Unicode>Margraf, Sklaverei und Chriſtenthum, von Stumpf.</Unicode>
                </TextEquiv>
            </TextLine>
            <TextLine id="r1l74" custom="readingOrder {index:30;}">
                <Coords points="1157,1557 1207,1557 1257,1557 1307,1558 1357,1558 1407,1558 1457,1559 1507,1560 1557,1560 1607,1561 1657,1561 1707,1561 1757,1563 1807,1564 1857,1564 1907,1566 1957,1567 2007,1569 2057,1570 2107,1572 2157,1573 2157,1543 2107,1542 2057,1540 2007,1539 1957,1537 1907,1536 1857,1534 1807,1534 1757,1533 1707,1531 1657,1531 1607,1531 1557,1530 1507,1530 1457,1529 1407,1528 1357,1528 1307,1528 1257,1527 1207,1527 1157,1527"/>
                <Baseline points="1157,1547 1207,1547 1257,1547 1307,1548 1357,1548 1407,1548 1457,1549 1507,1550 1557,1550 1607,1551 1657,1551 1707,1551 1757,1553 1807,1554 1857,1554 1907,1556 1957,1557 2007,1559 2057,1560 2107,1562 2157,1563"/>
                <TextEquiv>
                    <Unicode>Maurenbrecher, Karl V. und die Proteſtanten, von Döllinger.</Unicode>
                </TextEquiv>
            </TextLine>
            <TextLine id="r1l77" custom="readingOrder {index:31;}">
                <Coords points="1154,1593 1196,1593 1239,1593 1281,1593 1324,1593 1367,1593 1409,1594 1452,1594 1494,1594 1537,1596 1580,1596 1622,1597 1665,1597 1707,1598 1750,1599 1793,1600 1835,1602 1878,1602 1920,1603 1963,1605 2024,1606 2024,1576 1963,1575 1920,1573 1878,1572 1835,1572 1793,1570 1750,1569 1707,1568 1665,1567 1622,1567 1580,1566 1537,1566 1494,1564 1452,1564 1409,1564 1367,1563 1324,1563 1281,1563 1239,1563 1196,1563 1154,1563"/>
                <Baseline points="1154,1583 1196,1583 1239,1583 1281,1583 1324,1583 1367,1583 1409,1584 1452,1584 1494,1584 1537,1586 1580,1586 1622,1587 1665,1587 1707,1588 1750,1589 1793,1590 1835,1592 1878,1592 1920,1593 1963,1595 2015,1598"/>
                <TextEquiv>
                    <Unicode>Michelis, Geſchichte der Philoſophie, von Neuhäuſer.</Unicode>
                </TextEquiv>
            </TextLine>
            <TextLine id="r1l79" custom="readingOrder {index:32;} textStyle {offset:0; length:5;italic:true; fontSize:0.0; kerning:0;}">
                <Coords points="1154,1629 1188,1629 1222,1629 1256,1629 1290,1629 1325,1629 1359,1629 1393,1629 1427,1629 1461,1629 1496,1629 1530,1630 1564,1630 1598,1630 1632,1632 1667,1633 1701,1634 1735,1636 1769,1637 1803,1640 1838,1642 1838,1612 1803,1610 1769,1607 1735,1606 1701,1604 1667,1603 1632,1602 1598,1600 1564,1600 1530,1600 1496,1599 1461,1599 1427,1599 1393,1599 1359,1599 1325,1599 1290,1599 1256,1599 1222,1599 1188,1599 1154,1599"/>
                <Baseline points="1154,1619 1188,1619 1222,1619 1256,1619 1290,1619 1325,1619 1359,1619 1393,1619 1427,1619 1461,1619 1496,1619 1530,1620 1564,1620 1598,1620 1632,1622 1667,1623 1701,1624 1735,1626 1769,1627 1803,1630 1838,1632"/>
                <TextEquiv>
                    <Unicode>Pusey, Daniel the Prophet, von Schegg.</Unicode>
                </TextEquiv>
            </TextLine>
            <TextLine id="r1l81" custom="readingOrder {index:33;} textStyle {offset:0; length:9;italic:true; fontSize:0.0; kerning:0;}">
                <Coords points="1154,1666 1199,1665 1245,1665 1291,1665 1337,1665 1383,1666 1428,1666 1474,1666 1520,1668 1566,1668 1612,1669 1657,1669 1703,1671 1749,1671 1795,1672 1841,1674 1886,1675 1932,1677 1978,1677 2024,1678 2070,1680 2070,1650 2024,1648 1978,1647 1932,1647 1886,1645 1841,1644 1795,1642 1749,1641 1703,1641 1657,1639 1612,1639 1566,1638 1520,1638 1474,1636 1428,1636 1383,1636 1337,1635 1291,1635 1245,1635 1199,1635 1154,1636"/>
                <Baseline points="1154,1656 1199,1655 1245,1655 1291,1655 1337,1655 1383,1656 1428,1656 1474,1656 1520,1658 1566,1658 1612,1659 1657,1659 1703,1661 1749,1661 1795,1662 1841,1664 1886,1665 1932,1667 1978,1667 2024,1668 2070,1670"/>
                <TextEquiv>
                    <Unicode>Reinerding, Theologia fundamentalis, von Dieringer.</Unicode>
                </TextEquiv>
            </TextLine>
            <TextLine id="r1l83" custom="readingOrder {index:34;}">
                <Coords points="1145,1701 1179,1701 1213,1701 1247,1701 1281,1702 1315,1702 1349,1702 1383,1702 1417,1704 1451,1704 1485,1704 1519,1705 1553,1705 1587,1706 1621,1707 1655,1707 1689,1708 1723,1708 1757,1710 1791,1710 1843,1711 1843,1681 1791,1680 1757,1680 1723,1678 1689,1678 1655,1677 1621,1677 1587,1676 1553,1675 1519,1675 1485,1674 1451,1674 1417,1674 1383,1672 1349,1672 1315,1672 1281,1672 1247,1671 1213,1671 1179,1671 1145,1671"/>
                <Baseline points="1145,1691 1179,1691 1213,1691 1247,1691 1281,1692 1315,1692 1349,1692 1383,1692 1417,1694 1451,1694 1485,1694 1519,1695 1553,1695 1587,1696 1621,1697 1655,1697 1689,1698 1723,1698 1757,1700 1791,1700 1839,1701"/>
                <TextEquiv>
                    <Unicode>Reithmayr, Galaterbrief, von Weinhart.</Unicode>
                </TextEquiv>
            </TextLine>
            <TextLine id="r1l84" custom="readingOrder {index:35;}">
                <Coords points="1139,1737 1175,1737 1211,1737 1247,1737 1283,1737 1319,1738 1355,1738 1391,1738 1427,1740 1463,1740 1499,1740 1535,1741 1571,1741 1607,1743 1643,1743 1679,1744 1715,1744 1751,1746 1787,1746 1823,1747 1859,1747 1859,1717 1823,1717 1787,1716 1751,1716 1715,1714 1679,1714 1643,1713 1607,1713 1571,1711 1535,1711 1499,1710 1463,1710 1427,1710 1391,1708 1355,1708 1319,1708 1283,1707 1247,1707 1211,1707 1175,1707 1139,1707"/>
                <Baseline points="1139,1727 1175,1727 1211,1727 1247,1727 1283,1727 1319,1728 1355,1728 1391,1728 1427,1730 1463,1730 1499,1730 1535,1731 1571,1731 1607,1733 1643,1733 1679,1734 1715,1734 1751,1736 1787,1736 1823,1737 1859,1737"/>
                <TextEquiv>
                    <Unicode>Roth, Gymnaſial⸗Pädagogik, von E Göbel.</Unicode>
                </TextEquiv>
            </TextLine>
            <TextLine id="r1l85" custom="readingOrder {index:36;}">
                <Coords points="1157,1774 1202,1773 1247,1773 1292,1774 1337,1774 1382,1774 1427,1776 1472,1776 1517,1777 1562,1777 1607,1779 1652,1780 1697,1781 1742,1782 1787,1783 1832,1785 1877,1785 1922,1786 1967,1786 2012,1786 2071,1788 2071,1758 2012,1756 1967,1756 1922,1756 1877,1755 1832,1755 1787,1753 1742,1752 1697,1751 1652,1750 1607,1749 1562,1747 1517,1747 1472,1746 1427,1746 1382,1744 1337,1744 1292,1744 1247,1743 1202,1743 1157,1744"/>
                <Baseline points="1157,1764 1202,1763 1247,1763 1292,1764 1337,1764 1382,1764 1427,1766 1472,1766 1517,1767 1562,1767 1607,1769 1652,1770 1697,1771 1742,1772 1787,1773 1832,1775 1877,1775 1922,1776 1967,1776 2012,1776 2073,1781"/>
                <TextEquiv>
                    <Unicode>Scheeben, die Myſterien des Chriſtenthums, von Mattes.</Unicode>
                </TextEquiv>
            </TextLine>
            <TextLine id="r1l88" custom="readingOrder {index:37;}">
                <Coords points="1157,1810 1185,1810 1214,1810 1243,1810 1272,1810 1301,1810 1330,1810 1358,1812 1387,1812 1416,1812 1445,1812 1474,1813 1503,1813 1532,1813 1560,1815 1589,1815 1618,1815 1647,1816 1676,1816 1705,1816 1754,1818 1754,1788 1705,1786 1676,1786 1647,1786 1618,1785 1589,1785 1560,1785 1532,1783 1503,1783 1474,1783 1445,1782 1416,1782 1387,1782 1358,1782 1330,1780 1301,1780 1272,1780 1243,1780 1214,1780 1185,1780 1157,1780"/>
                <Baseline points="1157,1800 1185,1800 1214,1800 1243,1800 1272,1800 1301,1800 1330,1800 1358,1802 1387,1802 1416,1802 1445,1802 1474,1803 1503,1803 1532,1803 1560,1805 1589,1805 1618,1805 1647,1806 1676,1806 1705,1806 1751,1810"/>
                <TextEquiv>
                    <Unicode>Schegg, die Evangelien, von Langen.</Unicode>
                </TextEquiv>
            </TextLine>
            <TextLine id="r1l89" custom="readingOrder {index:38;}">
                <Coords points="1148,1845 1186,1845 1225,1845 1264,1846 1303,1846 1342,1846 1381,1846 1419,1846 1458,1848 1497,1848 1536,1848 1575,1849 1614,1850 1653,1851 1691,1852 1730,1852 1769,1854 1808,1855 1847,1857 1886,1857 1942,1860 1942,1830 1886,1827 1847,1827 1808,1825 1769,1824 1730,1822 1691,1822 1653,1821 1614,1820 1575,1819 1536,1818 1497,1818 1458,1818 1419,1816 1381,1816 1342,1816 1303,1816 1264,1816 1225,1815 1186,1815 1148,1815"/>
                <Baseline points="1148,1835 1186,1835 1225,1835 1264,1836 1303,1836 1342,1836 1381,1836 1419,1836 1458,1838 1497,1838 1536,1838 1575,1839 1614,1840 1653,1841 1691,1842 1730,1842 1769,1844 1808,1845 1847,1847 1886,1847 1942,1849"/>
                <TextEquiv>
                    <Unicode>Scholz, die Ehen der Söhne Gottes, von Reuſch.</Unicode>
                </TextEquiv>
            </TextLine>
            <TextLine id="r1l90" custom="readingOrder {index:39;} textStyle {offset:0; length:8;italic:true; fontSize:0.0; kerning:0;}">
                <Coords points="1157,1882 1203,1882 1250,1881 1296,1881 1343,1881 1390,1882 1436,1882 1483,1883 1530,1884 1576,1885 1623,1885 1670,1887 1716,1888 1763,1890 1810,1891 1856,1892 1903,1893 1950,1894 1996,1896 2043,1897 2099,1897 2099,1867 2043,1867 1996,1866 1950,1864 1903,1863 1856,1862 1810,1861 1763,1860 1716,1858 1670,1857 1623,1855 1576,1855 1530,1854 1483,1853 1436,1852 1390,1852 1343,1851 1296,1851 1250,1851 1203,1852 1157,1852"/>
                <Baseline points="1157,1872 1203,1872 1250,1871 1296,1871 1343,1871 1390,1872 1436,1872 1483,1873 1530,1874 1576,1875 1623,1875 1670,1877 1716,1878 1763,1880 1810,1881 1856,1882 1903,1883 1950,1884 1996,1886 2043,1887 2098,1887"/>
                <TextEquiv>
                    <Unicode>Vincenzi, de Gregorio Nyss. et Origene, von Schwane.</Unicode>
                </TextEquiv>
            </TextLine>
            <TextLine id="r1l92" custom="readingOrder {index:40;}">
                <Coords points="1142,1918 1191,1918 1232,1918 1272,1918 1313,1918 1354,1920 1394,1920 1435,1920 1476,1921 1516,1921 1557,1923 1598,1923 1638,1924 1679,1925 1720,1926 1760,1927 1801,1927 1842,1929 1882,1929 1923,1930 1964,1932 1964,1902 1923,1900 1882,1899 1842,1899 1801,1897 1760,1897 1720,1896 1679,1895 1638,1894 1598,1893 1557,1893 1516,1891 1476,1891 1435,1890 1394,1890 1354,1890 1313,1888 1272,1888 1232,1888 1191,1888 1142,1888"/>
                <Baseline points="1138,1909 1191,1908 1232,1908 1272,1908 1313,1908 1354,1910 1394,1910 1435,1910 1476,1911 1516,1911 1557,1913 1598,1913 1638,1914 1679,1915 1720,1916 1760,1917 1801,1917 1842,1919 1882,1919 1923,1920 1964,1922"/>
                <TextEquiv>
                    <Unicode>UIrici, Gott und der Menſch, von G. Hagemann.</Unicode>
                </TextEquiv>
            </TextLine>
            <TextLine id="r1l94" custom="readingOrder {index:41;}">
                <Coords points="1148,1956 1179,1956 1211,1956 1242,1956 1274,1956 1305,1956 1337,1957 1368,1957 1400,1957 1431,1957 1463,1957 1495,1957 1526,1959 1558,1959 1589,1959 1621,1959 1652,1960 1684,1961 1715,1962 1747,1963 1779,1965 1779,1935 1747,1933 1715,1932 1684,1931 1652,1930 1621,1929 1589,1929 1558,1929 1526,1929 1495,1927 1463,1927 1431,1927 1400,1927 1368,1927 1337,1927 1305,1926 1274,1926 1242,1926 1211,1926 1179,1926 1148,1926"/>
                <Baseline points="1148,1946 1179,1946 1211,1946 1242,1946 1274,1946 1305,1946 1337,1947 1368,1947 1400,1947 1431,1947 1463,1947 1495,1947 1526,1949 1558,1949 1589,1949 1621,1949 1652,1950 1684,1951 1715,1952 1747,1953 1779,1955"/>
                <TextEquiv>
                    <Unicode>Wiedemann, Johannes Eck, von Floß.</Unicode>
                </TextEquiv>
            </TextLine>
            <TextLine id="r1l96" custom="readingOrder {index:42;}">
                <Coords points="1151,1992 1191,1992 1232,1992 1272,1992 1313,1993 1353,1993 1394,1993 1434,1993 1475,1995 1515,1995 1556,1995 1596,1996 1637,1998 1677,1998 1718,1999 1758,1999 1799,2000 1839,2001 1880,2001 1920,2002 1961,2002 1961,1972 1920,1972 1880,1971 1839,1971 1799,1970 1758,1969 1718,1969 1677,1968 1637,1968 1596,1966 1556,1965 1515,1965 1475,1965 1434,1963 1394,1963 1353,1963 1313,1963 1272,1962 1232,1962 1191,1962 1151,1962"/>
                <Baseline points="1151,1982 1191,1982 1232,1982 1272,1982 1313,1983 1353,1983 1394,1983 1434,1983 1475,1985 1515,1985 1556,1985 1596,1986 1637,1988 1677,1988 1718,1989 1758,1989 1799,1990 1839,1991 1880,1991 1920,1992 1961,1992"/>
                <TextEquiv>
                    <Unicode>Winter, die Prämonſtratenſer, von H. Hagemann.</Unicode>
                </TextEquiv>
            </TextLine>
            <TextLine id="r1l98" custom="readingOrder {index:43;}">
                <Coords points="1148,2029 1196,2029 1244,2029 1292,2029 1340,2029 1389,2030 1437,2031 1485,2031 1533,2032 1581,2032 1630,2034 1678,2035 1726,2035 1774,2037 1822,2038 1871,2038 1919,2040 1967,2040 2015,2041 2063,2041 2112,2041 2112,2011 2063,2011 2015,2011 1967,2010 1919,2010 1871,2008 1822,2008 1774,2007 1726,2005 1678,2005 1630,2004 1581,2002 1533,2002 1485,2001 1437,2001 1389,2000 1340,1999 1292,1999 1244,1999 1196,1999 1148,1999"/>
                <Baseline points="1148,2019 1196,2019 1244,2019 1292,2019 1340,2019 1389,2020 1437,2021 1485,2021 1533,2022 1581,2022 1630,2024 1678,2025 1726,2025 1774,2027 1822,2028 1871,2028 1919,2030 1967,2030 2015,2031 2063,2031 2112,2031"/>
                <TextEquiv>
                    <Unicode>Zezſchwitz, zur Apologie des Chriſtenthums, von Hettinger.</Unicode>
                </TextEquiv>
            </TextLine>
            <TextLine id="r1l100" custom="readingOrder {index:44;}">
                <Coords points="1140,2064 1167,2065 1195,2065 1222,2065 1250,2065 1277,2065 1305,2065 1332,2067 1360,2067 1387,2067 1415,2067 1443,2067 1470,2067 1498,2068 1525,2068 1553,2068 1580,2068 1608,2070 1635,2070 1663,2070 1691,2071 1691,2041 1663,2040 1635,2040 1608,2040 1580,2038 1553,2038 1525,2038 1498,2038 1470,2037 1443,2037 1415,2037 1387,2037 1360,2037 1332,2037 1305,2035 1277,2035 1250,2035 1222,2035 1195,2035 1167,2035 1140,2034"/>
                <Baseline points="1140,2054 1167,2055 1195,2055 1222,2055 1250,2055 1277,2055 1305,2055 1332,2057 1360,2057 1387,2057 1415,2057 1443,2057 1470,2057 1498,2058 1525,2058 1553,2058 1580,2058 1608,2060 1635,2060 1663,2060 1691,2061"/>
                <TextEquiv>
                    <Unicode>Zobl, Dogmengeſchichte, von Simar.</Unicode>
                </TextEquiv>
            </TextLine>
            <TextLine id="r1l101" custom="readingOrder {index:45;}">
                <Coords points="1139,2101 1165,2102 1192,2103 1219,2103 1245,2103 1272,2103 1299,2103 1325,2104 1352,2104 1379,2104 1406,2104 1432,2104 1459,2104 1486,2104 1512,2106 1539,2106 1566,2106 1592,2107 1619,2108 1646,2109 1673,2110 1673,2080 1646,2079 1619,2078 1592,2077 1566,2076 1539,2076 1512,2076 1486,2074 1459,2074 1432,2074 1406,2074 1379,2074 1352,2074 1325,2074 1299,2073 1272,2073 1245,2073 1219,2073 1192,2073 1165,2072 1139,2071"/>
                <Baseline points="1139,2091 1165,2092 1192,2093 1219,2093 1245,2093 1272,2093 1299,2093 1325,2094 1352,2094 1379,2094 1406,2094 1432,2094 1459,2094 1486,2094 1512,2096 1539,2096 1566,2096 1592,2097 1619,2098 1646,2099 1673,2100"/>
                <TextEquiv>
                    <Unicode>Zöckler, Hieronymus, von Alzog.</Unicode>
                </TextEquiv>
            </TextLine>
            <TextLine id="r1l103" custom="readingOrder {index:46;}">
                <Coords points="1152,2136 1201,2137 1251,2138 1300,2139 1350,2139 1399,2140 1449,2140 1498,2142 1548,2142 1597,2143 1647,2143 1696,2145 1746,2145 1795,2145 1845,2146 1894,2146 1944,2146 1993,2148 2043,2148 2092,2148 2142,2148 2142,2118 2092,2118 2043,2118 1993,2118 1944,2116 1894,2116 1845,2116 1795,2115 1746,2115 1696,2115 1647,2113 1597,2113 1548,2112 1498,2112 1449,2110 1399,2110 1350,2109 1300,2109 1251,2108 1201,2107 1152,2106"/>
                <Baseline points="1152,2126 1201,2127 1251,2128 1300,2129 1350,2129 1399,2130 1449,2130 1498,2132 1548,2132 1597,2133 1647,2133 1696,2135 1746,2135 1795,2135 1845,2136 1894,2136 1944,2136 1993,2138 2043,2138 2092,2138 2142,2138"/>
                <TextEquiv>
                    <Unicode>Die Vorarbeiten für die Wiener Ausgabe der lateinischen Väter, von</Unicode>
                </TextEquiv>
            </TextLine>
            <TextLine id="r1l105" custom="readingOrder {index:47;}">
                <Coords points="1214,2173 1242,2175 1271,2176 1299,2176 1328,2175 1356,2175 1385,2176 1385,2146 1356,2145 1328,2145 1299,2146 1271,2146 1242,2145 1214,2143"/>
                <Baseline points="1214,2163 1242,2165 1271,2166 1299,2166 1328,2165 1356,2165 1385,2166"/>
                <TextEquiv>
                    <Unicode>Reinkens.</Unicode>
                </TextEquiv>
            </TextLine>
            <TextLine id="r1l108" custom="readingOrder {index:48;}">
                <Coords points="1140,2211 1182,2212 1224,2212 1266,2212 1308,2212 1350,2214 1392,2214 1434,2214 1476,2214 1518,2215 1561,2215 1603,2216 1645,2217 1687,2217 1729,2217 1771,2218 1813,2218 1855,2219 1897,2220 1939,2220 1982,2221 1982,2191 1939,2190 1897,2190 1855,2189 1813,2188 1771,2188 1729,2187 1687,2187 1645,2187 1603,2186 1561,2185 1518,2185 1476,2184 1434,2184 1392,2184 1350,2184 1308,2182 1266,2182 1224,2182 1182,2182 1140,2181"/>
                <Baseline points="1140,2201 1182,2202 1224,2202 1266,2202 1308,2202 1350,2204 1392,2204 1434,2204 1476,2204 1518,2205 1561,2205 1603,2206 1645,2207 1687,2207 1729,2207 1771,2208 1813,2208 1855,2209 1897,2210 1939,2210 1982,2211"/>
                <TextEquiv>
                    <Unicode>Zur Literatur über das heilige Land, von Haneberg.</Unicode>
                </TextEquiv>
            </TextLine>
            <TextLine id="r1l111" custom="readingOrder {index:49;}">
                <Coords points="1229,2277 1270,2277 1311,2277 1352,2278 1394,2278 1435,2278 1476,2280 1518,2280 1559,2280 1600,2281 1642,2281 1683,2283 1724,2283 1765,2284 1807,2284 1848,2286 1889,2286 1931,2286 1972,2287 2013,2287 2055,2287 2055,2257 2013,2257 1972,2257 1931,2256 1889,2256 1848,2256 1807,2254 1765,2254 1724,2253 1683,2253 1642,2251 1600,2251 1559,2250 1518,2250 1476,2250 1435,2248 1394,2248 1352,2248 1311,2247 1270,2247 1229,2247"/>
                <Baseline points="1229,2267 1270,2267 1311,2267 1352,2268 1394,2268 1435,2268 1476,2270 1518,2270 1559,2270 1600,2271 1642,2271 1683,2273 1724,2273 1765,2274 1807,2274 1848,2276 1889,2276 1931,2276 1972,2277 2013,2277 2055,2277"/>
                <TextEquiv>
                    <Unicode>Ferner ſind zur Beſprechung in Ausſicht genommen</Unicode>
                </TextEquiv>
            </TextLine>
            <TextLine id="r1l113" custom="readingOrder {index:50;}">
                <Coords points="1138,2322 1194,2325 1231,2325 1267,2325 1304,2325 1341,2325 1377,2325 1414,2326 1451,2326 1487,2326 1524,2328 1561,2328 1597,2328 1634,2329 1671,2329 1707,2329 1744,2331 1781,2331 1817,2332 1854,2332 1891,2334 1891,2304 1854,2302 1817,2302 1781,2301 1744,2301 1707,2299 1671,2299 1634,2299 1597,2298 1561,2298 1524,2298 1487,2296 1451,2296 1414,2296 1377,2295 1341,2295 1304,2295 1267,2295 1231,2295 1194,2295 1138,2292"/>
                <Baseline points="1142,2315 1178,2315 1215,2315 1251,2315 1288,2315 1325,2315 1361,2315 1398,2316 1435,2316 1471,2316 1508,2318 1545,2318 1581,2318 1618,2319 1655,2319 1691,2319 1728,2321 1765,2321 1801,2322 1838,2322 1882,2324"/>
                <TextEquiv>
                    <Unicode>Bluntſchli, altaſiatiſche Gottes⸗ und Weltideen.</Unicode>
                </TextEquiv>
            </TextLine>
            <TextLine id="r1l115" custom="readingOrder {index:51;}">
                <Coords points="1142,2359 1167,2360 1192,2361 1218,2361 1243,2361 1268,2362 1294,2362 1319,2362 1344,2362 1370,2361 1395,2361 1420,2361 1446,2361 1471,2361 1496,2362 1522,2362 1547,2364 1572,2364 1598,2365 1598,2335 1572,2334 1547,2334 1522,2332 1496,2332 1471,2331 1446,2331 1420,2331 1395,2331 1370,2331 1344,2332 1319,2332 1294,2332 1268,2332 1243,2331 1218,2331 1192,2331 1167,2330 1142,2329"/>
                <Baseline points="1142,2349 1167,2350 1192,2351 1218,2351 1243,2351 1268,2352 1294,2352 1319,2352 1344,2352 1370,2351 1395,2351 1420,2351 1446,2351 1471,2351 1496,2352 1522,2352 1547,2354 1572,2354 1598,2355"/>
                <TextEquiv>
                    <Unicode>Dieringer, Laienkatechismus.</Unicode>
                </TextEquiv>
            </TextLine>
            <TextLine id="r1l116" custom="readingOrder {index:52;}">
                <Coords points="1151,2395 1177,2396 1204,2397 1231,2397 1258,2397 1285,2397 1312,2398 1338,2398 1365,2398 1392,2398 1419,2398 1446,2398 1473,2398 1500,2398 1526,2398 1553,2400 1580,2400 1607,2401 1634,2403 1661,2403 1688,2404 1688,2374 1661,2373 1634,2373 1607,2371 1580,2370 1553,2370 1526,2368 1500,2368 1473,2368 1446,2368 1419,2368 1392,2368 1365,2368 1338,2368 1312,2368 1285,2367 1258,2367 1231,2367 1204,2367 1177,2366 1151,2365"/>
                <Baseline points="1151,2385 1177,2386 1204,2387 1231,2387 1258,2387 1285,2387 1312,2388 1338,2388 1365,2388 1392,2388 1419,2388 1446,2388 1473,2388 1500,2388 1526,2388 1553,2390 1580,2390 1607,2391 1634,2393 1661,2393 1688,2394"/>
                <TextEquiv>
                    <Unicode>Ennen, Geſchichte der Stadt Köln.</Unicode>
                </TextEquiv>
            </TextLine>
            <TextLine id="r1l118" custom="readingOrder {index:53;}">
                <Coords points="1151,2433 1179,2433 1207,2433 1235,2433 1263,2433 1291,2433 1319,2433 1347,2433 1375,2434 1403,2434 1431,2434 1459,2434 1487,2434 1515,2434 1543,2436 1571,2436 1599,2436 1627,2437 1655,2438 1683,2439 1712,2440 1712,2410 1683,2409 1655,2408 1627,2407 1599,2406 1571,2406 1543,2406 1515,2404 1487,2404 1459,2404 1431,2404 1403,2404 1375,2404 1347,2403 1319,2403 1291,2403 1263,2403 1235,2403 1207,2403 1179,2403 1151,2403"/>
                <Baseline points="1151,2423 1179,2423 1207,2423 1235,2423 1263,2423 1291,2423 1319,2423 1347,2423 1375,2424 1403,2424 1431,2424 1459,2424 1487,2424 1515,2424 1543,2426 1571,2426 1599,2426 1627,2427 1655,2428 1683,2429 1712,2430"/>
                <TextEquiv>
                    <Unicode>Friedhoff. Specielle Moraltheologie.</Unicode>
                </TextEquiv>
            </TextLine>
            <TextLine id="r1l120" custom="readingOrder {index:54;}">
                <Coords points="1137,2468 1185,2469 1220,2469 1254,2469 1289,2469 1323,2470 1358,2470 1392,2470 1427,2470 1461,2472 1496,2472 1530,2472 1565,2473 1599,2473 1634,2475 1668,2475 1703,2476 1737,2476 1772,2478 1806,2478 1841,2479 1841,2449 1806,2448 1772,2448 1737,2446 1703,2446 1668,2445 1634,2445 1599,2443 1565,2443 1530,2442 1496,2442 1461,2442 1427,2440 1392,2440 1358,2440 1323,2440 1289,2439 1254,2439 1220,2439 1185,2439 1137,2438"/>
                <Baseline points="1142,2459 1185,2459 1220,2459 1254,2459 1289,2459 1323,2460 1358,2460 1392,2460 1427,2460 1461,2462 1496,2462 1530,2462 1565,2463 1599,2463 1634,2465 1668,2465 1703,2466 1737,2466 1772,2468 1806,2468 1841,2469"/>
                <TextEquiv>
                    <Unicode>Gfrörer, Zur Geſchichte deutſcher Volksrechte.</Unicode>
                </TextEquiv>
            </TextLine>
            <TextLine id="r1l123" custom="readingOrder {index:55;}">
                <Coords points="1142,2503 1167,2505 1193,2505 1219,2505 1245,2505 1271,2506 1296,2506 1322,2506 1348,2506 1374,2506 1400,2506 1425,2508 1451,2508 1477,2508 1503,2508 1529,2508 1554,2509 1580,2509 1606,2510 1632,2512 1670,2511 1670,2481 1632,2482 1606,2480 1580,2479 1554,2479 1529,2478 1503,2478 1477,2478 1451,2478 1425,2478 1400,2476 1374,2476 1348,2476 1322,2476 1296,2476 1271,2476 1245,2475 1219,2475 1193,2475 1167,2475 1142,2473"/>
                <Baseline points="1142,2493 1167,2495 1193,2495 1219,2495 1245,2495 1271,2496 1296,2496 1322,2496 1348,2496 1374,2496 1400,2496 1425,2498 1451,2498 1477,2498 1503,2498 1529,2498 1554,2499 1580,2499 1606,2500 1632,2502 1671,2504"/>
                <TextEquiv>
                    <Unicode>Kieſel, die Weltgeſchichte, 2. Aufl.</Unicode>
                </TextEquiv>
            </TextLine>
            <TextLine id="r1l125" custom="readingOrder {index:56;}">
                <Coords points="1136,2541 1165,2541 1194,2541 1224,2541 1253,2542 1283,2542 1312,2542 1341,2542 1371,2542 1400,2542 1430,2542 1459,2542 1489,2544 1518,2544 1547,2544 1577,2545 1606,2545 1636,2545 1665,2547 1695,2547 1695,2517 1665,2517 1636,2515 1606,2515 1577,2515 1547,2514 1518,2514 1489,2514 1459,2512 1430,2512 1400,2512 1371,2512 1341,2512 1312,2512 1283,2512 1253,2512 1224,2511 1194,2511 1165,2511 1136,2511"/>
                <Baseline points="1136,2531 1165,2531 1194,2531 1224,2531 1253,2532 1283,2532 1312,2532 1341,2532 1371,2532 1400,2532 1430,2532 1459,2532 1489,2534 1518,2534 1547,2534 1577,2535 1606,2535 1636,2535 1665,2537 1695,2537"/>
                <TextEquiv>
                    <Unicode>Küper, das Prieſterthum des A. B.</Unicode>
                </TextEquiv>
            </TextLine>
            <TextLine id="r1l127" custom="readingOrder {index:57;} textStyle {offset:0; length:7;italic:true; fontSize:0.0; kerning:0;}">
                <Coords points="1136,2577 1169,2577 1203,2577 1236,2577 1270,2577 1304,2577 1337,2578 1371,2578 1404,2578 1438,2580 1472,2580 1505,2580 1539,2581 1572,2581 1606,2583 1640,2583 1673,2583 1707,2583 1740,2584 1774,2584 1824,2584 1824,2554 1774,2554 1740,2554 1707,2553 1673,2553 1640,2553 1606,2553 1572,2551 1539,2551 1505,2550 1472,2550 1438,2550 1404,2548 1371,2548 1337,2548 1304,2547 1270,2547 1236,2547 1203,2547 1169,2547 1136,2547"/>
                <Baseline points="1136,2567 1169,2567 1203,2567 1236,2567 1270,2567 1304,2567 1337,2568 1371,2568 1404,2568 1438,2570 1472,2570 1505,2570 1539,2571 1572,2571 1606,2573 1640,2573 1673,2573 1707,2573 1740,2574 1774,2574 1822,2576"/>
                <TextEquiv>
                    <Unicode>Laemmer, Decreta Concilii Ruthenorum.</Unicode>
                </TextEquiv>
            </TextLine>
            <TextLine id="r1l128" custom="readingOrder {index:58;}">
                <Coords points="1142,2614 1179,2613 1217,2613 1255,2613 1293,2613 1331,2614 1369,2614 1406,2616 1444,2616 1482,2617 1520,2617 1558,2619 1596,2619 1634,2620 1671,2620 1709,2622 1747,2622 1785,2622 1823,2622 1861,2622 1899,2622 1899,2592 1861,2592 1823,2592 1785,2592 1747,2592 1709,2592 1671,2590 1634,2590 1596,2589 1558,2589 1520,2587 1482,2587 1444,2586 1406,2586 1369,2584 1331,2584 1293,2583 1255,2583 1217,2583 1179,2583 1142,2584"/>
                <Baseline points="1142,2604 1179,2603 1217,2603 1255,2603 1293,2603 1331,2604 1369,2604 1406,2606 1444,2606 1482,2607 1520,2607 1558,2609 1596,2609 1634,2610 1671,2610 1709,2612 1747,2612 1785,2612 1823,2612 1861,2612 1899,2612"/>
                <TextEquiv>
                    <Unicode>Newman, Geſchichte meiner religiöſen Meinungen.</Unicode>
                </TextEquiv>
            </TextLine>
            <TextLine id="r1l130" custom="readingOrder {index:59;}">
                <Coords points="1139,2650 1164,2650 1190,2650 1215,2650 1241,2650 1266,2650 1292,2650 1318,2650 1343,2650 1369,2650 1394,2650 1420,2650 1445,2652 1471,2652 1497,2652 1522,2653 1548,2653 1573,2655 1599,2655 1638,2656 1638,2626 1599,2625 1573,2625 1548,2623 1522,2623 1497,2622 1471,2622 1445,2622 1420,2620 1394,2620 1369,2620 1343,2620 1318,2620 1292,2620 1266,2620 1241,2620 1215,2620 1190,2620 1164,2620 1139,2620"/>
                <Baseline points="1139,2640 1164,2640 1190,2640 1215,2640 1241,2640 1266,2640 1292,2640 1318,2640 1343,2640 1369,2640 1394,2640 1420,2640 1445,2642 1471,2642 1497,2642 1522,2643 1548,2643 1573,2645 1599,2645 1638,2644"/>
                <TextEquiv>
                    <Unicode>Patiß, das ABC der Scholaſtik.</Unicode>
                </TextEquiv>
            </TextLine>
            <TextLine id="r1l132" custom="readingOrder {index:60;} textStyle {offset:0; length:5;italic:true; fontSize:0.0; kerning:0;}">
                <Coords points="1133,2685 1159,2685 1186,2685 1212,2685 1239,2685 1266,2685 1292,2686 1319,2686 1345,2686 1372,2687 1399,2688 1425,2688 1452,2689 1478,2689 1505,2689 1532,2691 1558,2691 1585,2691 1611,2692 1638,2692 1665,2692 1665,2662 1638,2662 1611,2662 1585,2661 1558,2661 1532,2661 1505,2659 1478,2659 1452,2659 1425,2658 1399,2658 1372,2657 1345,2656 1319,2656 1292,2656 1266,2655 1239,2655 1212,2655 1186,2655 1159,2655 1133,2655"/>
                <Baseline points="1133,2675 1159,2675 1186,2675 1212,2675 1239,2675 1266,2675 1292,2676 1319,2676 1345,2676 1372,2677 1399,2678 1425,2678 1452,2679 1478,2679 1505,2679 1532,2681 1558,2681 1585,2681 1611,2682 1638,2682 1665,2682"/>
                <TextEquiv>
                    <Unicode>Pusey, The Church of England.</Unicode>
                </TextEquiv>
            </TextLine>
            <TextLine id="r1l134" custom="readingOrder {index:61;}">
                <Coords points="1133,2722 1161,2722 1189,2722 1217,2722 1246,2722 1274,2722 1302,2722 1330,2724 1359,2724 1387,2724 1415,2725 1443,2725 1472,2727 1500,2727 1528,2727 1556,2727 1585,2728 1613,2728 1641,2728 1669,2728 1698,2727 1698,2697 1669,2698 1641,2698 1613,2698 1585,2698 1556,2697 1528,2697 1500,2697 1472,2697 1443,2695 1415,2695 1387,2694 1359,2694 1330,2694 1302,2692 1274,2692 1246,2692 1217,2692 1189,2692 1161,2692 1133,2692"/>
                <Baseline points="1133,2712 1161,2712 1189,2712 1217,2712 1246,2712 1274,2712 1302,2712 1330,2714 1359,2714 1387,2714 1415,2715 1443,2715 1472,2717 1500,2717 1528,2717 1556,2717 1585,2718 1613,2718 1641,2718 1669,2718 1698,2717"/>
                <TextEquiv>
                    <Unicode>ν. Schäzler, Natur und Uebernatur.</Unicode>
                </TextEquiv>
            </TextLine>
            <TextLine id="r1l136" custom="readingOrder {index:62;}">
                <Coords points="1130,2758 1164,2758 1198,2758 1232,2758 1267,2758 1301,2760 1335,2760 1369,2760 1404,2761 1438,2761 1472,2762 1506,2763 1541,2763 1575,2763 1609,2764 1643,2764 1678,2764 1712,2764 1746,2764 1780,2763 1815,2763 1815,2733 1780,2733 1746,2734 1712,2734 1678,2734 1643,2734 1609,2734 1575,2733 1541,2733 1506,2733 1472,2732 1438,2731 1404,2731 1369,2730 1335,2730 1301,2730 1267,2728 1232,2728 1198,2728 1164,2728 1130,2728"/>
                <Baseline points="1130,2748 1164,2748 1198,2748 1232,2748 1267,2748 1301,2750 1335,2750 1369,2750 1404,2751 1438,2751 1472,2752 1506,2753 1541,2753 1575,2753 1609,2754 1643,2754 1678,2754 1712,2754 1746,2754 1780,2753 1815,2753"/>
                <TextEquiv>
                    <Unicode>Schuſter, Handbuch zur bibliſchen Geſchichte.</Unicode>
                </TextEquiv>
            </TextLine>
            <TextLine id="r1l137" custom="readingOrder {index:63;}">
                <Coords points="1133,2793 1179,2794 1226,2794 1273,2796 1320,2796 1367,2797 1413,2797 1460,2797 1507,2798 1554,2799 1601,2799 1647,2799 1694,2799 1741,2800 1788,2800 1835,2800 1881,2802 1928,2802 1975,2803 2022,2805 2069,2806 2069,2776 2022,2775 1975,2773 1928,2772 1881,2772 1835,2770 1788,2770 1741,2770 1694,2769 1647,2769 1601,2769 1554,2769 1507,2768 1460,2767 1413,2767 1367,2767 1320,2766 1273,2766 1226,2764 1179,2764 1133,2763"/>
                <Baseline points="1133,2783 1179,2784 1226,2784 1273,2786 1320,2786 1367,2787 1413,2787 1460,2787 1507,2788 1554,2789 1601,2789 1647,2789 1694,2789 1741,2790 1788,2790 1835,2790 1881,2792 1928,2792 1975,2793 2022,2795 2069,2796"/>
                <TextEquiv>
                    <Unicode>Voſen, der Katholicismus und die Einſprüche ſeiner Gegner.</Unicode>
                </TextEquiv>
            </TextLine>
            <TextLine id="r1l139" custom="readingOrder {index:64;}">
                <Coords points="1143,2829 1191,2830 1239,2832 1288,2832 1336,2833 1385,2833 1433,2833 1481,2835 1530,2835 1578,2835 1627,2835 1675,2836 1723,2836 1772,2836 1820,2836 1869,2838 1917,2838 1965,2839 2014,2841 2062,2841 2130,2843 2130,2813 2062,2811 2014,2811 1965,2809 1917,2808 1869,2808 1820,2806 1772,2806 1723,2806 1675,2806 1627,2805 1578,2805 1530,2805 1481,2805 1433,2803 1385,2803 1336,2803 1288,2802 1239,2802 1191,2800 1143,2799"/>
                <Baseline points="1143,2819 1191,2820 1239,2822 1288,2822 1336,2823 1385,2823 1433,2823 1481,2825 1530,2825 1578,2825 1627,2825 1675,2826 1723,2826 1772,2826 1820,2826 1869,2828 1917,2828 1965,2829 2014,2831 2062,2831 2127,2834"/>
                <TextEquiv>
                    <Unicode>Werner, Geſchichte der apologetiſchen und polemiſchen Literatur.</Unicode>
                </TextEquiv>
            </TextLine>
            <TextLine id="r1l141" custom="readingOrder {index:65;}">
                <Coords points="1137,2869 1177,2869 1217,2869 1258,2869 1298,2869 1338,2869 1379,2869 1419,2869 1459,2870 1500,2871 1540,2871 1580,2871 1621,2871 1661,2872 1701,2872 1742,2872 1782,2874 1822,2874 1863,2875 1903,2876 1944,2877 1944,2847 1903,2846 1863,2845 1822,2844 1782,2844 1742,2842 1701,2842 1661,2842 1621,2841 1580,2841 1540,2841 1500,2841 1459,2840 1419,2839 1379,2839 1338,2839 1298,2839 1258,2839 1217,2839 1177,2839 1137,2839"/>
                <Baseline points="1137,2859 1177,2859 1217,2859 1258,2859 1298,2859 1338,2859 1379,2859 1419,2859 1459,2860 1500,2861 1540,2861 1580,2861 1621,2861 1661,2862 1701,2862 1742,2862 1782,2864 1822,2864 1863,2865 1903,2866 1944,2867"/>
                <TextEquiv>
                    <Unicode>Zimmermann, die Heiligen Columban und Gallus.</Unicode>
                </TextEquiv>
            </TextLine>
            <TextLine id="r1l143" custom="readingOrder {index:66;} textStyle {offset:0; length:28;fontSize:0.0; kerning:0; bold:true;}">
                <Coords points="1136,2935 1188,2937 1241,2938 1293,2938 1346,2940 1398,2940 1451,2941 1504,2941 1556,2941 1609,2943 1661,2943 1714,2943 1766,2944 1819,2944 1872,2945 1924,2946 1977,2947 2029,2948 2082,2950 2135,2952 2135,2922 2082,2920 2029,2918 1977,2917 1924,2916 1872,2915 1819,2914 1766,2914 1714,2913 1661,2913 1609,2913 1556,2911 1504,2911 1451,2911 1398,2910 1346,2910 1293,2908 1241,2908 1188,2907 1136,2905"/>
                <Baseline points="1136,2925 1188,2927 1241,2928 1293,2928 1346,2930 1398,2930 1451,2931 1504,2931 1556,2931 1609,2933 1661,2933 1714,2933 1766,2934 1819,2934 1872,2935 1924,2936 1977,2937 2029,2938 2082,2940 2135,2942"/>
                <TextEquiv>
                    <Unicode>Correſpondenz der Redaction. Nro. 48: Einverſtanden. Nro.</Unicode>
                </TextEquiv>
            </TextLine>
            <TextLine id="r1l145" custom="readingOrder {index:67;}">
                <Coords points="1173,2973 1221,2974 1269,2974 1317,2976 1366,2976 1414,2977 1462,2977 1510,2979 1559,2979 1607,2980 1655,2981 1703,2982 1752,2983 1800,2983 1848,2983 1896,2985 1945,2985 1993,2985 2041,2985 2089,2985 2138,2985 2138,2955 2089,2955 2041,2955 1993,2955 1945,2955 1896,2955 1848,2953 1800,2953 1752,2953 1703,2952 1655,2951 1607,2950 1559,2949 1510,2949 1462,2947 1414,2947 1366,2946 1317,2946 1269,2944 1221,2944 1173,2943"/>
                <Baseline points="1173,2963 1221,2964 1269,2964 1317,2966 1366,2966 1414,2967 1462,2967 1510,2969 1559,2969 1607,2970 1655,2971 1703,2972 1752,2973 1800,2973 1848,2973 1896,2975 1945,2975 1993,2975 2041,2975 2089,2975 2138,2975"/>
                <TextEquiv>
                    <Unicode>62 und 103: Ich habe Ihnen geſchrieben. Nro. 109: Es eilt</Unicode>
                </TextEquiv>
            </TextLine>
            <TextLine id="r1l147" custom="readingOrder {index:68;}">
                <Coords points="1157,3013 1182,3012 1208,3012 1234,3013 1260,3015 1286,3016 1286,2986 1260,2985 1234,2983 1208,2982 1182,2982 1157,2983"/>
                <Baseline points="1157,3003 1182,3002 1208,3002 1234,3003 1260,3005 1286,3006"/>
                <TextEquiv>
                    <Unicode>ja nicht.</Unicode>
                </TextEquiv>
            </TextLine>
            <TextEquiv>
                <Unicode>berg”, jährlich 10 Nummern für 10 Sgr. — alſo im gewiſſen
Sinne eine Nachahmung des Frankfurter Broſchürenvereins.
— Die Vorrede zur zweiten Auflage der „Dichter des
Alten Bundes” von Prof. Ewald in Göttingen enthält
nur eine ganz kurze Stelle über die preußiſche Politik in Schles⸗
wig⸗Holſtein (wir laſſen ſie nicht abdrucken, damit nicht gleich
die erſte Nummer confiscirt werde); die lange Vorrede, der er⸗
ſten Auflage iſt nicht wieder abgedruckt, weil Ewald „ſchon lange
allen dieſen früheren vorreden längeren umfanges,” — welche
großentheils ſehr drollige Expectorationen über dies und jenes
enthalten, — an einem geeigneten orte zuſammenzuſtellen wünſcht.”
— Die vortreffliche Trauerrede auf den Geſellenvater
Adolph Kolping von Dr. Voſen iſt zum Beſten des Köl⸗
niſchen Geſellen⸗Hoſpitiums nach ſtenographiſcher Aufzeichnung
gedruckt worden (Köln, Bachem. 5 Sgr.). Wir möchten durch
dieſe Notiz auch unſererſeits zur Verbreitung des Schriftchens bei⸗
tragen.
Die folgenden Nummern werden u. a. enthalten Artikel über
Arneth, Maria Thereſia, von Weiß.
Beelen, Comm. in Acta Ap., von Reinke.
Bleek, Briefe an die Koloſſer etc., von Bisping.
Friedberg, das Recht der Eheſchließung, von Schulte.
Gregorovius, Geſch. der Stadt Rom, von H. Hagemann.
Gury, Casus conscientiae, von Jocham.
Hoppe, die Epikleſis der griech. Liturgie, von Köſſing
Kellner, Hellenismus und Chriſtenthum, von C. Werner.
Kliefoth, das Buch Ezechiels, von Reuſch.
Köhler, die nachexiliſchen Propheten, von G. K. Mayer.
Maier, der 2. Brief an die Kor., von Bisping.
Margraf, Sklaverei und Chriſtenthum, von Stumpf.
Maurenbrecher, Karl V. und die Proteſtanten, von Döllinger.
Michelis, Geſchichte der Philoſophie, von Neuhäuſer.
Pusey, Daniel the Prophet, von Schegg.
Reinerding, Theologia fundamentalis, von Dieringer.
Reithmayr, Galaterbrief, von Weinhart.
Roth, Gymnaſial⸗Pädagogik, von E Göbel.
Scheeben, die Myſterien des Chriſtenthums, von Mattes.
Schegg, die Evangelien, von Langen.
Scholz, die Ehen der Söhne Gottes, von Reuſch.
Vincenzi, de Gregorio Nyss. et Origene, von Schwane.
UIrici, Gott und der Menſch, von G. Hagemann.
Wiedemann, Johannes Eck, von Floß.
Winter, die Prämonſtratenſer, von H. Hagemann.
Zezſchwitz, zur Apologie des Chriſtenthums, von Hettinger.
Zobl, Dogmengeſchichte, von Simar.
Zöckler, Hieronymus, von Alzog.
Die Vorarbeiten für die Wiener Ausgabe der lateinischen Väter, von
Reinkens.
Zur Literatur über das heilige Land, von Haneberg.
Ferner ſind zur Beſprechung in Ausſicht genommen
Bluntſchli, altaſiatiſche Gottes⸗ und Weltideen.
Dieringer, Laienkatechismus.
Ennen, Geſchichte der Stadt Köln.
Friedhoff. Specielle Moraltheologie.
Gfrörer, Zur Geſchichte deutſcher Volksrechte.
Kieſel, die Weltgeſchichte, 2. Aufl.
Küper, das Prieſterthum des A. B.
Laemmer, Decreta Concilii Ruthenorum.
Newman, Geſchichte meiner religiöſen Meinungen.
Patiß, das ABC der Scholaſtik.
Pusey, The Church of England.
ν. Schäzler, Natur und Uebernatur.
Schuſter, Handbuch zur bibliſchen Geſchichte.
Voſen, der Katholicismus und die Einſprüche ſeiner Gegner.
Werner, Geſchichte der apologetiſchen und polemiſchen Literatur.
Zimmermann, die Heiligen Columban und Gallus.
Correſpondenz der Redaction. Nro. 48: Einverſtanden. Nro.
62 und 103: Ich habe Ihnen geſchrieben. Nro. 109: Es eilt
ja nicht.</Unicode>
            </TextEquiv>
        </TextRegion>
    </Page>
</PcGts>
