1354 2331
425 74 260 50 — 31 —

26 160 1051 54 nicht zu entſchuldigende Benehmen der Biſchoͤfe, welche die

26 219 1045 59 letzten Reichsfuͤrſten waren, die, nachdem ſie als Fuͤrſten pen⸗

34 283 1031 58 ſionirt worden, ſich auch als Biſchoͤfe fuͤr penſionirt anſahen;

26 349 1039 54 hierauf die lange Erledigung der biſchoͤflichen Stuͤhle, und die

27 412 1043 52 Zerſplitterung der biſchoͤflichen Rechte unter Generalvicare und

27 476 1051 49 weltliche Behoͤrden, wobei man, beſonders die Staatsgewalt,

37 539 1036 47 ſich gewoͤhnte, Biſchoͤfe fuͤr uͤberfluͤßig zu erachten; alsdann

31 598 1039 50 bei der endlichen Beſetzung der Bisthuͤmer, neben ehrenvollen

29 663 1035 50 Ausnahmen nicht immer die beſten Wahlen, mitunter darum,

37 727 1036 48 daß bei aller Achtbarkeit der Perſonen theilweiſe betagte oder

37 789 1046 50 hochbetagte Herren auf die biſchoͤflichen Stuͤhle kamen, denen

33 851 1050 47 das Alter die Kraft verſagte, und Kraft iſt eine weſentliche

34 913 1047 49 Bedingung der Achtung, oder auch ſolche, die bisdahin kirch⸗

35 977 1045 48 lichen Geſchaͤften fremd geweſen waren. Nach Beſetzung der

48 1041 1038 48 Bisthuͤmer die Fortdauer jener Beſchraͤnkungen der Ordina⸗

41 1105 1044 44 riate durch weltliche Behoͤrden, welche ſich waͤhrend der lan⸗

41 1164 1053 44 gen Sedisvakanzen gebildet hatten. Endlich, was auch die

54 1222 1034 46 beſcheidenſten Verehrer des Episkopats ſich nicht verhehlen,

45 1284 1050 48 ein unſicheres, ſchwankendes, furchtſames Auftreten mancher

41 1350 1054 49 Ordinariate, welches ſie vielleicht durch die Klugheit ſich auf⸗

55 1416 1039 47 gelegt glauben, aber doch nicht geeignet ſeyn duͤrfte, ihnen von

49 1476 1049 49 irgend einer Seite als Verdienſt angerechnet zu werden; ſo

50 1539 1041 49 wie auch die Beſſern und Beſten in manchen gewiß nothwen⸗

51 1603 1050 47 digen und dringenden Einrichtungen des Verfallenen, die ober⸗

58 1666 1040 47 hirtliche Thaͤtigkeit vermiſſen, wenn ſie ſich auch unbeſcheide⸗

54 1728 1048 47 ner Anklagen vor dem Publicum enthalten. Setzen wir nun

57 1788 1043 47 zu dieſen unguͤnſtigen Verhaͤltniſſen, die ſeit laͤngerer Zeit an⸗

61 1848 1039 50 dauern, die Verſchiedenheit in der theologiſchen und kirchlichen

57 1914 1048 48 Denkweise neben der Freiheit und oft Frechheit im Ausſpre⸗
