1354 2331
443 91 228 51 — 37 —

49 178 1040 58 Scenen uͤbergienge, wie wir ſie mit Wehmuth in manchen

50 238 1033 61 Verhandlungen unſerer ſtaͤndiſchen Kammern geſehen haben;

48 302 1041 62 und das waren doch nur Verhandlungen in weltlichen Sachen!

132 421 962 55 12) Kommen wir nun an die Beſchluͤſſe! Mehrere

51 483 1040 54 Stimmen, die man in H. Straſſers Schrift S. 90 f. finden

54 542 1047 55 kann, haben unerfreuliche Beſchluͤſſe der Dioͤceſan⸗Synoden

58 602 1039 58 ahnend, den Grundſatz aufgeſtellt, daß die Pfarrer blos eine

54 667 1045 53 berathende Stimme haben, der Biſchof aber entſcheiden ſoll.

62 730 1048 53 Das geht aber nicht an; wenn der Biſchof bloßen Rath von

62 795 1046 51 ſeinen Geiſtlichen verlangt, ſo thut er am beſten, wenn er

57 858 1045 49 nur die, welchen er ſein Zutrauen ſchenkt, entweder ſchriftlich

61 919 1043 52 um ihre Meinung fragt, oder ſie zu einer Conferenz beruft.

68 983 1043 50 Wenn aber eine Synode ſeyn ſoll, ſo muͤſſen Beſchluͤſſe ge⸗

64 1045 1050 50 faßt werden, und Stimmenmehrheit muß entſcheiden. Wohl⸗

74 1109 1040 47 gemerkt, daß nach dem katholiſchen Princip dem Biſchofe das

71 1171 1038 47 Recht zuſteht, einzelnen Beſchluͤſſen ſeine Zuſtimmung zu ge⸗

60 1230 1058 46 ben, oder ſie zu verwerfen, auf die Weiſe, wie in conſtitutio⸗

71 1293 1043 47 nellen Staaten der Regent dieſes Recht in Beziehung auf die

73 1357 1040 47 Beſchluͤſſe der Staͤnde uͤbt; denn gleichwie die vermöge der

76 1418 1040 48 monarchiſchen Verfaſſung dem Fuͤrſten einwohnende Regierungs⸗

76 1479 1050 50 gewalt durch Einberufung einer Staͤndeverſammlung nicht ru⸗

83 1541 1040 50 hend gemacht, auch nicht auf dieſe uͤbergetragen oder mit ihr

80 1603 1054 49 getheilt wird, ebenſo wenig kann dieß durch Einberufung einer

88 1666 1046 47 Synode mit der kirchlichen Regierungsgewalt des Biſchofs ge⸗

82 1726 1056 51 ſchehen, die nach der Grundverfaſſung dee katholiſchen Kirche

82 1787 1052 51 (fuͤr ſeinen Bezirk) in ſeiner Person ruhet. Ich laſſe es da⸗

79 1850 1048 50 hingeſtellt ſeyn, ob diejenigen, welche ſo laut nach Synoden

86 1912 1055 53 rufen, und durch ſie große Dinge auszufuͤhren hoffen, hieran
