1354 2331
446 73 268 49 — 51 —

53 169 1047 57 te; hier, ſagt er, wuͤrde allerdings eine Vereinigung der Bi⸗

49 232 1050 58 ſchoͤfe auch noch jetzt der verfaſſungsmaͤßige Weg ſeyn, ihre

43 295 1050 55 Rechte feſtzuſtellen und zu vertheidigen. S. 12. Ob uͤbrigens

45 357 1044 54 der Verfaſſer dieſen Fall irgendwo fuͤr wahrſcheinlich oder

41 422 1046 50 nahe halte, daruͤber findet ſich bei ihm keine Andeutung, ich

46 483 1043 49 meinerſeits bekenne, daß ich weder das Eine noch das Andere

47 545 114 48 glaube.

130 644 955 53 16) Setzen wir aber auch den Fall, eine Staatsregie⸗

45 706 1042 52 rung verkenne den großen Vortheil, den ihr die neuere Diſci⸗

43 770 1043 49 plin der Kirche darbietet, daß ſie uͤber neu einzufuͤhrende An⸗

41 831 1048 48 ordnungen nicht noͤthig hat, mit einer großen Verſammlung

42 893 1043 48 zu unterhandeln, und den Widerſpruch vieler oder doch man⸗

38 953 1046 52 cher Unabhaͤngiger in derſelben zu bekaͤmpfen, ſondern es nur

46 1015 1040 53 mit wenigen aus Abhaͤngigkeit fügſamen, der biſchoͤflichen

35 1079 1058 52 Curie zu thun hat, — (denn das iſt es doch, was Eichhorn

46 1141 1035 51 das Einfachſte, Angemeſſenſte und Paſſendſte für den Staat

44 1203 1040 47 nennt) ſetzen wir alſo, daß eine Staatsregierung dieſen Vor⸗

44 1264 1034 50 theil verkenne, oder daß ſie dem Scheine des Liberalismus

44 1329 1036 51 zulieb einmal darauf verzichte, oder aus andern Gruͤnden,

38 1396 1035 44 z.B. wegen der Landesverfaſſung eine Synode geſtatten muͤſ⸗

39 1456 1043 46 ſe; kann ſie nicht alle Verhandlungen und Beſchluͤſſe derſelben

42 1515 1033 52 entkraͤften durch das dritte, von ihr angeſprochene, und von

34 1577 1045 54 allen neuern, ſelbſt kirchlich geſinnten Rechtslehrern ihr zuge⸗

35 1640 1042 53 ſtandene Recht der Genehmigung, ohne welche die Be⸗

37 1704 1041 50 ſchluͤſſe der Synoden weder in forma bekannt gemacht, noch

25 1766 1052 47 in Vollzug geſetzt werden koͤnnen? Man braucht nicht eben

35 1827 1041 50 anzunehmen, daß eine Regierung ruͤckſichtlich der Verweige⸗

23 1891 1050 48 rung dieſer Genehmigung Willkühr uͤben wolle; es koͤnnten

802 1962 67 46 4*
