1354 2331
420 93 263 50 — 49 —

32 189 1045 53 den von ihnen geltend gemachten politiſchen Gruͤnden abgeaͤn⸗

26 252 1043 53 dert werden, und iſt nicht an dieſen ein großer Theil, der

21 315 1049 50 von dem Concilium beſchloſſenen Verbeſſerungen in der Aus⸗

25 378 1041 47 fuͤhrung geſcheitert? Und wie ſehr hat ſich ſeit dem ſechszehn⸗

32 440 1026 48 ten Jahrhundert der Einfluß der Politik auf kirchliche Angele⸗

34 503 1029 46 genheiten geſteigert? Aber gerade darin finde ich einen neuen

30 564 1034 45 Grund zu zweifeln, ob dieſe Politik die Abhaltung von Sy⸗

22 624 1037 48 noden geſtatten wird; ich will fuͤr gewiße Leſer eine Auctoritaͤt

23 687 1039 47 anfuͤhren, der ſie vielleicht lieber glauben als mir. Eichhorn

24 748 1046 48 in ſeinem Kirchenrecht, Bd. II. S. 9., nachdem er zuerſt

29 809 1036 49 von der Wirkſamkeit der Provincial⸗ und National⸗Concilien

22 871 1052 49 in den fruͤhern Zeiten geſprochen, faͤhrt fort: „dagegen koͤn⸗

29 933 1032 51 nen beide Inſtitute, nach der Beſchaffenheit der neueren Diſci⸗

21 998 1040 47 plin und der jetzigen Stellung der Kirche gegen den Staat,

27 1059 1047 49 nur ausnahmsweiſe von Nutzen ſeyn. Der roͤmiſche Stuhl

24 1122 1042 48 unterwirft jede wahre Veraͤnderung der beſtehenden Diſciplin

18 1183 1044 46 in einem ſolchen Umfang ſeinem Urtheil, daß er damit einer

21 1244 1044 44 Particularkirche uͤberhaupt alle Autonomie abſpricht, und ſo⸗

20 1306 1040 48 mit alle organiſche Geſetzgebung in Diſciplinarſachen ausſchlie⸗

21 1373 1036 46 ßend zu einem Recht des paͤbſtlichen Primats macht. So⸗

17 1435 1042 45 lange ſich eine Particularkirche dieſem Syſtem fuͤgen zu muͤſ⸗

22 1493 1045 50 ſen glaubt, wird daher jede entſchiedene Veraͤnderung der be⸗

22 1555 1046 51 ſtehenden Diſciplin immer die Mitwirkung des Pabſts erfor⸗

26 1620 1034 49 dern. Außer dieſer iſt aber auch die Zuſtimmung des Staats

28 1682 1034 49 nothwendig, und dadurch wird es das Einfachſte, in

24 1745 1038 51 ſolchen Fällen lieber geradezu eine durch unmit⸗

28 1804 1032 51 telbare Verhandlung des letztern mit dem roͤmi⸗

22 1864 1038 56 ſchen Stuhle vorbereitete Verfuͤgung des Pabſtes,

21 1928 1040 53 die fuͤr noͤthig erachteten Beſtimmungen einfuͤh⸗

808 2008 49 45 4
