1351 2454
492 45 378 39 Neander Kirchengeſchichte.

98 62 60 36 58

102 123 1170 48 wo es heißt: Gott achte Einige σωτηρίας ἀξίους, εἰρηνικοὺς μὲν τὸ

98 175 1172 47 ἦθος, ὁμοφροσύνην δὲ καὶ κοινωνίαν ἀσπαζομένους, οἷς φθόνος

98 224 1172 51 ἢ συνόλως οὐ συνῴκησεν ἢ τάχιστα μετανέστη, τὰ ἴδια προφέ-

100 278 1172 52 ρειν εἰς μέσον ἀγαθὰ διεγνωκόσιν εἰς κοινὴν μετου-

103 334 1162 46 σίαν καὶ ἀπόλαυσιν. — Die äußeren Schickſale der Gemeinde,

97 380 1177 47 der Tod des Stephanus und deſſen Folgen, werden nun anſchaulich und

101 429 1175 50 gründlich geſchildert. In der Auffaſſung des Stephanus, als Vorgängers

107 478 1172 48 Pauli in der relativen Entgegenſetzung des Evang. gegen das Geſetz, ſomit

105 527 1165 47 als Repräſentanten der erſten Entwicklung einer neuen Secte des Chriſten⸗

98 576 1178 49 thums, welche aber im Keime untergehen mußte, um kräftiger zu erſtehen

101 626 1173 46 und um die äußern Verhältniſſe ſo umzugeſtalten, daß auch die übrigen Ver⸗

101 674 1172 48 kündiger auf naturgemäßem Wege dazu gebildet werden konnten (Verbrei⸗

102 726 1167 45 tung des Christenthums unter den Heiden aus Veranlaſſung der Zerſtreuung

100 774 1169 47 nach Stephani Tod), hierin folgt N. hauptſächlich dem trefflichen Programm

96 823 1174 46 Baurs, in Tübingen, 1829, welches eigentlich zuerſt das Verſtändniß des

103 872 1166 46 oft (neueſtens auch noch von Hebel in ſeinen ſonſt ſchätzbaren bibliſchen

102 922 1165 45 Aufſätzen) gemißhandelten Schwanengeſangs des erſten Blutzeugen eröffnete.

105 970 1165 46 Mit Recht ſieht N. in dieſer Verfolgung die Grenze eines neuen Abſchnitts

107 1021 980 45 für die ertenſive und intenſive Entwicklung des Chriſtenthums.

178 1067 1102 49 Den Uebergang zur Verbreitung des Chriſtenthums unter den Heiden

106 1120 1170 45 bildet die Predigt zu Samaria und die Bekehrung des Cornelius. Zu

105 1166 1171 48 Samarien Empfänglichkeit für poetiſche Wirkſamkeit, daher auch die Pre⸗

97 1214 1182 48 digt des Philippus nur wegen ihrer großen ſinnlichen Beglaubigung durch

101 1263 1177 48 Wunder Glauben fand, ohne den h. Geiſt, d. h. ohne das Bewußtſeyn

105 1313 1171 48 einer von der Perſon des Wunderthäters unabhängigen ſelbſtſtändigen Le⸗

106 1360 1176 52 bensgemeinſchaft mit Chriſtus. Aus Veranlaſſung der Geſchichte mit Cor⸗

110 1409 1165 53 nelius erhalten die Apoſtel theils durch Offenbarung, theils durch äußere

111 1459 1168 52 Umſtände, nehmlich die erfahrungsmäßige Wirkſamkeit der Predigt unter

108 1510 1168 50 den Heiden zur Erweckung frommer Begeiſterung, klarere Einſicht in die

110 1559 1166 51 Unabhängigkeit des Chriſtenthums von dem Judenthum. — Der dritte Ab⸗

115 1610 1166 50 ſchnitt beginnt mit der Bildungs⸗ und Berufungsgeſchichte des Paulus;

105 1659 1168 50 bei letzterer wird die rein pſychologiſche Erklärung unbefangen gewürdigt,

109 1706 1177 53 und ihr Ungenügendes bündig dargelegt. Sehr lichtvoll für die Chronolo⸗

105 1757 1183 51 gie iſt die genauere Erklärung der ήμέραι ἱκαναὶ Act. 9, 23, welche

113 1806 1171 49 nicht nur die ἡμέραι τινὲς v. 19, ſondern auch den ganzen folgenden

113 1856 1174 46 Aufenthalt Pauli zu Damascus nach ſeiner arabiſchen Reiſe in ſich befaſſen.

109 1904 1173 50 Die Schraderſche Deutung der letzteren (= ſtille Vorbereitung in der Wüſte

115 1955 1167 49 Arabiens) findet ihre genügende Berichtigung. Nachdem die Geſchichte

108 2004 1180 49 des P. bis auf die ihm zu Jeruſalem gewordene Ueberzeugung, daß er

112 2051 1178 52 für die Predigt unter den Heiden beſtimmt ſey, fortgeführt iſt, wird der

115 2105 1171 47 Uebergang auf Antiochien, die Mutterkirche heidniſcher Gemeinden, gemacht,

109 2152 1177 49 und wird ihr Verhältniß zur jüdiſchen Mutterkirche dargethan. Unterſuchung

106 2202 1180 52 der Frage, ob die Reiſe des Barnabas und Paulus nach Jeruſalem die
