1374 2457
1180 0 52 151 41

559 72 182 38 Zeitſchriften.

438 154 422 35 Aus der erſten Abtheilung:

346 208 574 36 Wie heiß mir auch im Herzen brenne

358 254 514 34 Die Sehnſucht nach Unſterblichkeit,

346 300 540 32 Ich dankbar doch und laut erkenne

358 342 448 37 Der ird’ſchen Tage Seligkeit;

355 387 429 36 und gäbe es kein ewig Heil,

360 430 470 38 Mein Herz erhöbe keine Klage,

363 473 571 38 Denn Liebe ward mein glücklich Theil,

359 517 463 40 Sie weihte jeden meiner Tage.

431 595 453 41 Aus der zweiten Abtheilung:

352 653 532 38 Ich forſchte treu, ich prüfte lange,

357 694 578 40 Mir ward im Zweifeln oft gar bange.

361 737 555 42 Der ſchwere Kampf ist ausgerungen,

356 782 566 40 Der Zweifel in der Bruſt bezwungen.

364 827 556 40 Denn ſieh, es thut nur Eines Noth,

364 869 683 43 Nicht raubt’s der Menſch und nicht der Tod.

438 939 444 42 Aus der dritten Abtheilung:

597 993 133 39 Rath.

372 1033 474 43 Wollt ihr die Erde überwinden,

366 1077 510 41 Den Himmel an die Erde binden,

368 1121 591 46 So ſchließet gleich den Bund der Liebe,

371 1168 481 42 Wie euer Herz euch dazu triebe,

364 1213 602 46 Wenn heute ſchon der Tod euch fände,

364 1259 592 46 Des Lebens letzter Tag euch ſchwände.

526 1386 292 42 Zeitschriften.

130 1431 1140 59 Katholiſche Kirchenzeitung. Mit dem Motto: ut cooperatores si-

158 1475 997 66 mus veritatis. 3. Jo. 8. Aſchaffenburg 1833. 4. (Schluß.)

134 1530 1127 62 St. 9. Das Kirchenweſen der Vereinigten Staaten (bis St. 12). Aus

95 1579 1167 62 der Esq. morale et politique des Etats-Unis, par A. Murat. Paris 1832.

176 1629 1090 61 Aktenſtücke, die Kirche in Jauernik betreffend. (Ebenſo St. 10. 11.)

169 1690 1101 59 St. 10. Ueber das Franzöſiſche Unterrichtsweſen. („Der Unterricht

99 1737 1165 59 ſteht unter der Staatsverwaltung; wir haben einen eigenen Miniſter dafür.

95 1786 1173 59 So iſt denn das Chriſtenthum, wie es urſprünglich (?) im Verhältniß zur

105 1836 1164 58 Geſellſchaft in die Welt trat, gänzlich verſchwunden, und die heidniſche

177 1883 571 42 Form der Societät wiedergekehrt!”) —

177 1941 1097 60 St. 12. Nachrichten aus Augsburg. Herr Pfarrer Lerchenmüller,

102 1987 1170 63 ehem. Herausgeber der conſtitut. K.⸗Zeitung, hat nun zum zweitenmale

98 2036 1172 64 widerrufen, und von den biſchöfl. Ermahnungen hingeriſſen, „gleichſam ge⸗

102 2086 1174 63 ſchworen, von nun an ein Anderer zu werden.” Herr Lutz iſt „ein Prie⸗

98 2138 1184 61 ſter von großer Liebeskraft und rührendem Eifer; Hr. Lerchenmüller ein

96 2183 572 50 leichtfertiger frecher Schwätzer.” —
