1350 2456
182 62 967 46 Allgemeines Repertorium

624 138 85 45 fuͤr

101 211 1118 46 die theologiſche Literatur und kirchliche Statiſtik.

74 314 1173 51 1. April. № 1. 1833.

74 438 1174 34 Aufgefordert von mehreren geachteten Theologen hat ſich der Unterzeichnete

83 483 1163 34 entſchloſſen, vereint mit mehreren Gelehrten, eine theologiſche Zeitſchrift un⸗

77 528 1171 34 ter obigem Titel herauszugeben. Sie wird ſich in ihrem kritiſchen Theile

75 573 1173 33 zunächſt eine Aufgabe ſtellen, welche keine der beſtehenden theologiſchen Zeit⸗

85 617 1167 35 ſchriften bis jetzt hat löſen wollen, nämlich alle neuen Erzeugniſſe dieſer

81 662 1179 34 Literatur anzuzeigen und zu beurtheilen. Hinſichtlich der Bücher ſoll

84 706 1168 35 dieß in der Art geſchehen, daß ihr Inhalt, ihre Darſtellungs⸗

80 751 1173 35 weiſe angegeben, ihr Geiſt, ihre Eigenthümlichkeit charakteriſirt

82 796 1175 36 und durch ein motivirtes kurzes Urtheil ihr Werth feſtgeſtellt

86 841 1169 36 wird. Die Programme, Diſſertationen, die Aufſätze und Kriti⸗

84 886 1161 35 ken der Zeitſchriften, ſo wie theologiſche Aufſätze und Recenſio⸗

76 931 1173 37 nen in Zeitſchriften anderer Fächer, werden bemerkend angezeigt.

147 973 1109 37 Sodann wird ſie in ihrem ſtatiſtiſchen Theile, ſo viel möglich mittelſt

78 1016 1178 37 Original⸗Correſpondenz, Berichte über das kirchliche Leben in und außer

79 1058 1175 38 Deutſchland, eine Perſonal⸗Chronik der theologiſchen Fakultäten und Notizen

77 1104 1173 37 über deren ſämmtliche Inſtitute, endlich unter der Rubrik: „Miscellen”

84 1149 1146 37 Nachrichten über neue theologiſch⸗literariſche Unternehmungen etc. enthalten.

147 1196 1109 36 Der Herausgeber hat es ſich nebſt ſeinen Mitarbeitern und Correſpon⸗

77 1240 1181 38 denten zum Geſetz gemacht, in Beziehung auf Confeſſionen und theologiſche

79 1285 1175 37 Richtungen unpartheilich zu ſeyn, und hinſichtlich der Perſonen, mit derjeni⸗

85 1331 1181 35 gen Würde ſich zu äußern, welche den theologiſchen Beurtheiler als ſolchen

88 1375 254 34 auszeichnen ſollte.

155 1421 1109 34 Was einer unſerer geachtetſten Gottesgelehrten in einem Aufſatze der

83 1465 1179 35 „Studien und Kritiken” (vom Jahre 1830, St. 3.) betitelt: „Gedanken

86 1509 1173 34 und Wünſche über Recenſionen” Treffliches und allgemein Beherzigenswerthes

85 1552 1173 37 geſagt hat, werden die Mitarbeiter an gegenwärtigem Unternehmen als lei⸗

88 1596 563 37 tende Regel zu beachten bemüht ſeyn.

141 1642 488 38 Bonn, den 22. Januar 1833.

507 1701 661 37 Dr. Georg Friedr. Heinr. Rheinwald,

421 1748 843 38 Lic. und außerordentlicher Profeſſor der ev. Theologie.

158 1858 1102 35 Vom 1ſten April d. J. an werden alle 14 Tage 3 Nummern von dieſem

83 1904 1181 33 Repertorium ausgegeben. Jedes Quartal bildet einen Band, im Preiſe zu

86 1948 1176 35 1½ Rthlr. — Beſtellungen nehmen alle Buchhandlungen des In⸗ und Aus⸗

79 1992 816 35 landes, ſo wie auch die Wohllöblichen Poſtämter an.

157 2036 420 37 Berlin, im Januar 1833.

645 2081 583 43 Der Verleger Fr. Aug. Herbig.

117 2191 959 57 I. Bd. 1
