1331 2454
570 67 152 31 Miscellen.

53 85 84 32 112

64 141 1167 49 Veränderung des Rituals kommt, worauf wenigſtens der Stiftspropſt

63 181 1174 50 Clauſen es abgeſehen hat. Es haben aber auch ſchon vor dem Schluſſe

64 222 1174 49 des Jahres mehrere Geiſtliche, wie Paſtor Rönne in Lyngbye, und ſein

57 262 1181 47 Gehülfe, ein junger Prediger, Berg, ſich öffentlich ausgeſprochen, daß ih⸗

65 305 1170 46 nen das kirchliche Ritual, ſo wie es iſt, herzlich zuſage und die Befolgung

66 348 848 44 deſſelben niemals ſchwer, viel weniger unmöglich falle.

145 383 1093 46 Wir haben geglaubt, dieſen kirchlichen Bericht mit einiger Umſtänd⸗

69 425 1173 45 lichkeit liefern zu müſſen, theils, weil die darin geſchilderten Bewegungen

65 465 1170 48 wichtigen Einfluß auf die Kirche, unſeres Vaterlandes gehabt haben und

64 505 1179 50 noch haben, theils, um deutſchen Leſern, denen der Zugang zu den in den

66 546 1184 48 Streitigkeiten gewechſelten Schriften nicht offen ſteht, den Stand der

68 587 1181 49 Dinge möglichſt zu veranſchaulichen. — Ueber mehrere nicht berührte

65 631 944 47 Fächer der kirchlichen Correſpondenz nächſtens noch Einiges.

537 716 245 37 Miscellen.

129 762 1064 47 Neuere literariſche Unternehmungen auf theol. Gebiete.

66 809 1181 47 C. Berger, zu Leipzig, kündigt einen verbeſſerten Wiederabdruck der

118 845 1131 47 ſymboliſchen Bücher der Ev. (Luth.) Kirche nach der Rechenberg⸗

114 884 746 42 ſchen Ausgabe an (für die Subſcrib. Pr. 1 rtl.).

69 916 1187 49 J. F. Steinkopf, zu Stuttgart: Predigten über die Sonn⸗ und Feſt⸗

112 952 1136 46 tags⸗Evangelien, von Dr. Steinkopf, Paſtor an der deutſch⸗luth. Kirche

111 988 1143 47 in der Savoy zu London (mit des Verf. Bildniß). 8 — 9 Hefte, mit je

111 1025 1145 44 10—12 Predigten. (Subſcript.⸗Pr. für das Heft 6 ggr. oder 24 kr., für

112 1069 571 39 das Ganze 1½ rtl. oder 2 fl. 12 kr.)

76 1096 1168 49 G. G. Kayſer, zu Leipzig, eine Neue Ausgabe des Corp. Jur. Cano-

108 1133 1149 48 nici, post J. H. Boehmeri curas brevi adn. crit. instr. den. ed. A. L.

113 1168 1145 47 Richter, Priv.-Doc. d. Rechte. zu Leipzig. In Einem Bande, gr. 8., in

116 1204 1140 48 8 Lieferungen (à 16 ggr. oder 20 ſgr. ) — Dieſelbe Handlung verſpricht

113 1241 1145 46 einen Abdruck: der Beſchlüſſe des Concil. Tridentinum, die ein

119 1278 1050 45 Supplm. zum Corp. J. C. bilden ſollen. (Pr. für Subſcr. 16 ggr.)

81 1312 1169 51 Falkenberg, zu Barmen und Schwelm, laden zur Subſcription ein auf

124 1348 1105 49 ein „Jahrbuch für die Evang. Kirche des Königl. Preuß. Staates.”

119 1383 1139 50 Von Dr. H. W. Wiedenfeld, Lic. der Th.; Pfarrer in Gräfrath. Er⸗

128 1420 1128 49 ſcheint Oſtermeſſe 1834. (20 Bogen, Subſcript.⸗Pr. 1 rtl. 8 ggr. oder

113 1469 204 36 2 fl. 21 kr.)

85 1491 1173 52 Ferd. Müller, zu Berlin (Enslinſche B.): Das N. Testament nach

121 1527 1143 50 der Ueberſetzung von Luther, mit Anmerkungen, Einleitungen, einer

120 1563 1136 49 Harmonie der vier Evangelien, Aufſatz über Paläſtina, Zeittafel über die

124 1597 1144 51 Apoſtelgeſchichte und ausführlichem Sachregiſter. Zum Gebrauch für alle

128 1634 1132 50 Freunde des göttlichen Wortes, inſonderheit der Lehrer in Kirchen und

126 1670 1132 50 Schulen, bearbeitet von F. G. Lisco, Prediger in Berlin. In der An⸗

118 1707 1139 49 kündigung zugleich eine Probe, die allerdings geeignet iſt, zur Subſcript.

120 1744 1133 50 aufzumuntern. 60 Bogen. 9—10 Lieferungen, à 6 Bogen (die Lieferung

123 1792 352 36 à 6 ggr. oder 7½ ſgr.)

118 1815 1144 52 Die J. H. Funkeſche Buchhandlung zu Crefeld: Die heil. Schrift des

130 1851 1136 50 N. T. zur Beförderung einer ſegensreichen Leſung derſelben in chriſtlichen

121 1887 1141 50 Familien. Erſter Theil die Evangelien des Matthäus, Marcus, Lucas ent⸗

128 1923 1132 51 haltend, mit erklärenden Anmerkungen verſehen und in berichtigter Ueber⸗

137 1960 1131 51 ſetzung, herausgegeben von J. W. Grashof, ev. Diviſions⸗Prediger zu

125 1995 1135 50 Cöln. (3—4 Bände, der erſte Band, ſpäteſtens Michaelis erſcheinend,

133 2030 1129 50 24—30 B. 9. 1 rtl.) Den Plan des Werkes lernt man kennen aus

132 2064 1140 54 der 1831 erſchienenen Anzeige deſſelben, als aus der mit ſo vielem Beifall

136 2102 1130 54 aufgenommenen Probe: die Briefe des Jacob. Petrus, Johannes, Judas.

129 2158 205 33 Eſſen, 1830.)

137 2219 1099 46 Redacteur: Prof. Dr. Rheinwald. Verleger: F. A. Herbig.
