1351 2454
512 59 297 43 Knapp Chriſtoterpe.

64 82 56 36 68

64 136 1188 58 Gegenwart ſchildert und das chriſtliche Verhältnist zwiſchen Fürſt und Volk

72 187 1184 54 darzuſtellen ſich bemüht. Das vor uns liegende Werk iſt, wie ſchon der

75 235 1181 55 Titel beſagt, theils aus des Verfaſſers eigenen, theils aus fremden Bei⸗

77 285 1183 53 trägen entſtanden, unter denen Proſaiſches und Poetiſches ſo mit einander

78 334 1176 55 wechſelt, daß der Inhalt des Ganzen in dieſer Beziehung aus zwei unge⸗

77 384 1172 51 fähr gleichen Halften beſteht. Iſt auch des Gelieferten theils zu Vielerlei,

74 430 1179 53 ſo daß es dem Leſer am Ende ergeht wie dem Zuhörer in einem gewöhn⸗

74 478 1188 56 lichen Concert, der, weil er zu Mannigfaltiges gehört, verwirrt oder leer

80 530 1179 52 nach Hauſe geht, und ſind auch die Beiträge einander ſehr ungleich an

74 577 1196 54 Geiſt und Gehalt, ſo iſt doch nur ſehr Weniges aufgenommen, was die

78 626 1187 53 Aufnahme gar nicht verdient, und auch dieſes verſchwindet vor dem vielen

83 676 1183 52 Ausgezeichneten, was das Buch darbietet. Was der Herausgeber ſeinen

81 726 1189 53 Leſern geben und zumuthen will, drückt er ſelbſt am Ende der von ihm

77 781 756 49 gedichteten „Zueignung” mit den Worten aus:

249 851 752 46 Komm, breite die Schwingen durchs ewige Blau!

250 898 761 42 Komm, trinke den reinen, den himmliſchen Thau!

245 943 664 40 Er ſtärket das Auge, der Buſen wird weit,

250 989 635 42 und blühend entknoſpet die welkende Zeit.

251 1064 656 39 Vom Irdiſchen reden die Söhne der Welt,

250 1108 756 42 Das Himmliſche kehrt ſich zum himmliſchen Zelt,

250 1153 765 39 und wenn in dem Himmel dein Wandel ſoll ſeyn,

255 1196 711 39 So ſchwinge dein Herz in den Himmel hinein.

171 1263 1098 52 Die Reihe der proſaiſchen Beiträge eröffnet Dr. Sack mit einem

89 1313 1185 55 Aufſatze, betitelt: „Zur Charakteriſtik der Propheten”, der ſich die Aufgabe

90 1362 1185 54 macht, zu zeigen, theils wie jedem der Propheten ein beſtimmter, menſch⸗

86 1412 1188 54 lich individueller Charakter zukommt, theils wie alle ſechszehn Propheten

84 1461 1193 54 ſo einander ergänzen, daß keiner hinweggethan und keiner hinzugefügt wer⸗

94 1511 1182 52 den könnte, ohne das Ganze zu zerreißen und ohne die Beziehung dieſes

94 1559 1182 53 Ganzen zur geſammten Bibel zu ſtören. Sehr gut wird namentlich der

92 1607 1188 56 Zuſammenhang und die Differenz zwiſchen den kleinen und großen Pro⸗

102 1657 1178 54 pheten dahin angegeben, daß die letzteren das Verhältniß Iſraels zu Gott

98 1708 1178 51 und zu ſeinen großen Gerichten unter den Voͤlkern der Welt zugleich dar⸗

108 1756 1174 53 ſtellen, während die kleinen mehr die inneren Gebrechen Iſraels und die

103 1809 1174 46 einheimiſchen Züchtigungen des Hauſes Gottes enthalten. Der ganze,

101 1855 1173 49 überaus bündige und kernhafte Aufſatz hat dem Referenten den Wunſch

102 1903 1170 52 nahe gelegt, es möchte dem Herrn Verfaſſer gefallen, zu Nutz und From⸗

103 1952 1177 52 men der Laien eine ausführlichere praktiſche Einleitung wenigſtens in das

94 2011 474 43 alte Teſtament zu bearbeiten.

182 2053 1091 46 Heinroth, der „über das Verhältniß der Vernunft zur Offenbarung”

100 2098 1186 53 ſpricht, ſcheint ſowohl bei der Wahl ſeines Gegenſtandes als und noch mehr

98 2150 1172 49 in der Behandlung deſſelben das Publicum eines Taſchenbuchs vergeſſen zu

98 2197 1186 55 haben. Indem er mit Jacobi Vernunft ale das Vermögen, das Göttliche
