1352 2454
606 52 196 42 Zeitſchriften.

112 66 62 38 62

203 135 1096 40 Unmittelbar an dieſen Hirtenbrief ſchließen ſich der Zeit und dem In⸗

118 187 234 41 halte nach an:

151 236 1141 41 1) Erſte Predigt am zweiten Sonntage nach Trin. über Joh. 21, 15—17,

202 283 1096 35 vor der Domgemeinde zu Magdeburg und in Gegenwart Seiner Majeſtät

209 328 1078 34 des Königs gehalten von Dr. Johann Heinrich Bernhard Dräſeke,

211 372 1079 33 Biſchof der evangel. Kirche, Generalſuperintendenten der Provinz Sach⸗

211 418 1081 32 ſen und Director des Königl. Conſiſtorii zu Magdeburg. Magdeburg,

211 462 436 34 bei Heinrichshofen, 1832. 8.

155 507 1135 43 2) Zwei Nachträge zur Antrittspredigt von Ebendemſelben. Ebendaſelbst.

203 566 1094 37 Auf ähnliche Weiſe, wie gegen ſeine Amtsgenoſſen im Hirtenbriefe,

119 614 1177 42 ſpricht ſich in Nr. 1. Dräſeke gegen ſeine neue Gemeinde in der erſten

119 664 1179 40 Predigt aus, die nach Joh. 21, 15—27 im erſten Theile die Frage Jeſu

119 711 1171 43 an Petrus, im zweiten die Antwort deſſelben an den Herrn, und im drit⸗

119 760 1176 42 ten den Auftrag des Herrn an ihn entwickelt und auf den Gegenſtand des

119 808 1182 43 Tages mit eben ſo viel Geiſt als Herzlichkeit anwendet, auch die Anwe⸗

115 857 1182 44 ſenheit des Königs und der Königlichen Familie dabei zugleich freimüthig

117 906 1179 42 und ehrerbietig in Erinnerung bringt. Die Predigt, ein ächtes homiletiſches

123 954 1173 45 Kunſtwerk, iſt ſo aus Einem Guſſe, daß ſie nicht wohl einen eigentlichen

124 1005 1171 43 Auszug zuläßt. Nur folgende, eben ſo redneriſche als wahre Stelle ſtehe

124 1056 1168 41 hier als Zeugniß des Ganzen: „Es giebt ſolche, die ihn (den Ruf Jeſu)

119 1103 1177 43 überhören. Das ſind die Menſchen, die Großes vorhaben, aber nicht be⸗

115 1152 1188 44 denken, wie nur bei dem Kleinen das Große anfange. Das ſind die Men⸗

123 1200 1179 47 ſchen, die Alles tadeln und Nichts billigen; — kein Regent und keine Re⸗

115 1250 1187 46 gierung, keine Staatsverfaſſung, keine Ständeverſammlung, kein Landesge⸗

119 1298 1184 45 ſetz, keine Städteordnung, keine Kirchenagende iſt ihnen gut genug; —

123 1348 1172 43 aber nicht bedenken, wie das Gute nur da gedeihe, wo der Gute einkehrt,

123 1400 1181 39 wo Gott wohnt, wo Chriſtus ſich geſtaltet, wo auf die Hauptfrage: „haſt

115 1447 1131 43 du mich lieb?” recht zu antworten für den Grund aller Weisheit gilt.

207 1497 1095 40 Nr. 2. führt den Titel: „Zwei Nachträge”, weil ſie zwei Predigten

127 1545 1173 43 des Verfaſſers enthält, die nach jener erſten gehalten wurden und theil⸗

123 1595 1175 43 weiſe als Commentar und weitere Entwickelung der erſten gelten können, ſo

129 1643 1169 43 daß in allen dreien zuſammen gleichſam ein Glaubensbekenntniß des neuen

123 1692 1177 45 Hirten nach ſeinen weſentlichen Stücken enthalten iſt, wie dies ſchon die

117 1741 1183 46 Wahl auch dieſer beiden Terte, nämlich Matth. 22, 41—46. und Röm.

131 1791 1165 49 1, 16. beweiſt, welche von Chriſto als dem Sohne Gottes und vom Evan⸗

119 1842 1092 50 gelium als einer Kraft Gottes zu reden willkommenen Anlaß geben.

575 1932 290 39 Zeitschriften.

167 1979 1143 46 Zeitſchrift für wiſſenſchaftliche Theologie. Herausgegeben von

200 2023 1108 45 Dr. G. B. Winer, Königl. Baierſchem Kirchenrath und ord. Prof. der

195 2067 1107 46 Theol. an der Univerſität Erlangen (jetzt Königl. Sächſiſchem Kirchen⸗

198 2112 1106 47 rath und ord. Prof. an der Univerſität Leipzig). Band 1, Heft 1, 1826;

196 2160 1102 44 Heft 2, 1827; Heft 3, 1829; Band 2, Heft 1, 1832; Sulzbach, Sei⸗

195 2214 304 35 del. gr. 8. 2⅔ rtl.
