1383 2456
550 51 287 38 Kirchliche Statiſtik.

1191 56 86 35 223

108 130 1173 43 ſteher und den älteſten Gemeinderäthen, üben die Kirchen⸗ und Sittenpolizei,

102 178 1179 45 jedoch ohne Kirchenſtrafen; vielmehr iſt ihre Strafgewalt rein weltlich, nur

108 226 1171 46 daß die Geldſtrafen in die Armenkaſſe fallen. Ihre Wirkſamkeit iſt natür⸗

99 280 1180 40 lich auf dem Lande bedeutender als in Städten, wo ſie ſich faſt bloß auf

107 329 1172 41 die Armen⸗Verſorgung und die Schulangelegenheiten bezieht, doch iſt Letz⸗

100 378 1186 40 teres immer noch wichtig genug, ſofern die Pflicht zum Beſuch der Sonn⸗

112 427 1172 40 tagsſchule und der kirchlichen Nachmittags⸗Katechiſation den Söhnen und

115 477 1167 39 Töchtern bis ins 18te Jahr obliegt, und es nie an Veranlaſſung fehlt,

113 526 1176 39 Säumige durch Ermahnung oder Strafe zu dieſer Pflicht anzuhalten In

105 574 1180 40 Betreff der Sonntags⸗Polizei dürfte die Wirkſamkeit der Kirchenconvente bald

107 624 1180 39 eine erhöhte werden, da zu hoffen ſteht, daß bei dem gegenwärtigen Land⸗

109 673 1178 39 tag ein neues Sonntagsgeſetz verabſchiedet werde. Schon im Jahre 1823

106 720 1177 41 wurde dießfalls ein Antrag geſtellt von dem nun verewigten Prälaten von

106 769 1183 40 Abel, und kürzlich hat der wackere katholiſche Decan Herr Münch wie⸗

110 817 1179 42 derholt und dringend in einer ſchönen (auch gedruckten) Motion die Sache

106 865 390 43 in Anregung gebracht *).

547 918 289 36 (Fortſetzung folgt.)

578 1061 248 37 Miscellen.

223 1111 966 36 Beförderungen. Ehrenbez. Vocationen. Jubiläen.

188 1168 1105 35 Der bisherige Dompfarrer zu Mainz, Dotzheimer, iſt zum Mitgliede

117 1212 1178 38 des Domcapitels ernannt, und an ſeine Stelle Herr M. A. Nickel, Lehrer

113 1256 719 39 der Moral am biſch. Seminar, beſtellt worden.

188 1305 1102 35 Der bish. Subregens bes Klerikal⸗Seminars zu Würzburg, Dr. Ben⸗

113 1348 1176 36 kert, iſt zum Regens des Seminars vorgerückt, und der Prof. der Kirchen⸗

116 1392 1177 38 geſchichte am Lyceum zu Salzburg, Joſeph von Rauſcher, zum Director

119 1434 505 42 an dieſer Anſtalt beſtellt worden.

177 1485 1114 34 Der königl. geiſtliche Rath und Domcapitular Dr. R. München iſt zum

121 1526 1166 39 General⸗Vicariatsrathe zu Cöln; Herr Oberpfarrer Klein zu Bonn zum

119 1570 1168 40 Landdechant des Dec. Bonn; und Herr J. Th. Mürkens, bish. Pfarrer an

119 1615 1176 40 der Jacobikirche zu Aachen, zum Pfarrer in St. Foilan und Ehrencapitular

115 1655 677 45 des Aachner Gollegiatſtiftes ernannt worden.

187 1709 1105 37 Herr Dr. Bökel, bish. Hauptpaſtor an der Jacobikirche zu Hamburg,

121 1747 1152 44 hat den Ruf zum Prediger an der Ansgariikirche zu Bremen angenommen.

189 1800 1098 33 Der bish. Paſtor Primarius zu Zittau, M. G. E. Petri, iſt Kirchen⸗

125 1832 978 51 und Schulrath bei der Oberamtsregierung zu Bautzen geworden.

185 1888 1112 36 Der Prediger Thiele zu Tiezow hat von Sr. Maj. dem König von

122 1919 803 52 Preußen den rothen Adler⸗Orden 4. Klaſſe erhalten.

189 1978 1109 36 Der bish. Diaconus zu Waiblingen im Würtembergiſchen, M. E. F.

121 2016 1174 43 Kling, iſt zum ordentl. Profeſſor der Theologie an der K. Heſſiſchen Uni⸗

125 2059 1176 46 verſität zu Marburg berufen, und der bish. Privatdocent zu Leipzig, Predi⸗

191 2155 1120 39 *) Von der Wirkſamkeit der ſtändiſchen Kirchencommiſſion im

118 2185 252 54 nächſten Bericht.
