1360 2454
628 82 187 40 Zeitſchriften.

120 87 94 41 238

352 162 598 39 Hebt die Herzen ſanft zu Gott hinauf;

350 206 647 40 und es ſchweben rings, gleich Opferdüften,

343 253 507 34 Des Gebetes Geiſter ſtill empor;

350 297 742 43 Flehn und Wunſch vermiſcht ſich mit den Lüften,

348 343 542 37 Und erſtarkt zum vollen Geiſterchor.

128 396 1187 45 Hingegen iſt wohl die Bedeutung des Todes Jeſu für den Chriſten nicht

131 446 972 43 ſehr tief aufgefaßt, wenn der Verf. uns hierüber nur zuruft:

345 505 578 35 Fühlt ihr Alle, die ein Weib geboren,

348 550 620 39 Fühlt: die Lieb’ iſt ſtärker als der Tod;

352 594 479 36 Gebet nie das Heilige verloren,

348 640 658 35 Seht, aus Nacht ſteigt mildes Morgenroth!

341 685 677 37 Mag das Herz im Kampf der Liebe brechen,

339 729 683 38 Erſt das Grab reicht ihm des Lohnes Preis,

345 774 648 36 und es wird ein heil’ger Richter ſprechen:

347 820 633 34 „Windet ihm des Ruhmes Lorbeerreis!”

120 872 891 42 Druck und Papier dieſes Andachtsbuchs ſind vorzüglich.

570 1016 302 41 Zeitschriften.

167 1075 1136 37 Euphron. Eine Zeitſchrift für Religion und Kirchenthum. Herausgege⸗

203 1120 1096 36 ben von Dr. G. Herold und K. J. Tiebe, Paſtoren zu Langenſtein

195 1165 1108 38 und Heudeber. Jahrgang 1833. Heft 1. Quedlinburg bei Becker.

203 1209 78 33 kl. 8.

208 1263 1095 41 Der εὐφρων erſcheint ſeit 1825; zuerſt von drei Redactoren (Herold,

127 1311 1173 41 Schmidt, Tiebe) bis 1830; in bald 2, bald 4 jährlichen Heften; frü⸗

122 1360 1178 43 her in Halberſtadt bei Helm und Brüggemann. Man muß geſtehen, daß

128 1410 1170 42 Blatt hat ſeinem Namen Ehre zu machen geſucht. Die Red. iſt ihrem

124 1462 1172 38 ausgeſprochenen Zwecke „keiner der theologiſchen Parthei ſich hingebend, Ei⸗

124 1510 1172 39 nigkeit im chriſtlichen Geiſte vermitteln, ihren Collegen Veranlaſſung und

126 1561 1170 37 Gelegenheit zu öffentlichen, den geiſtlichen Beruf fördernden Mittheilungen

119 1610 1179 38 geben zu wollen,” in dem bei weitem größeren Theile der Zeitschrift treu

123 1659 1167 38 geblieben. — Immer zeichnete ſich dieſelbe durch populäre, gut disponirte

124 1708 1168 38 und praktiſch⸗homiletiſche, ſo wie durch einzelne gediegene wiſſenſchaftliche Ar⸗

122 1756 1174 40 beiten aus. Wir erinnern an mehrere Abhandlungen des ſel. v. Cölln, von

116 1806 1178 41 welchen auch das vorliegende erſte Heft des gegenwärtigen Jahres noch

125 1854 1173 42 einen ſchätzbaren Beitrag liefert. Der Verf. ſchrieb bekanntlich wenig, aber

112 1905 1180 41 was er ſchrieb, war gedacht und durch inhaltsvolle Kürze ausgezeichnet.

110 1953 1184 42 Dieß zeigen auch die hier ſtehenden „Beiträge zur Würdigung der

116 2001 1174 46 Prophetie der Hebräer nach ihren Analogien im N. T.” (von

118 2049 1170 46 denen wir an einem andern Orte ſprechen.) — Es folgt ein Aufſatz *). Wei⸗

188 2144 1106 40 *) Ueber die vom H. Pred. Ballenſtedt (Heft 2. vor. Jahres) ge⸗

120 2185 1176 46 lieferte Beantwortung einer ſog. Synodalfrage, die philoſophi⸗

128 2229 1162 49 ſchen Beweiſe für die Unſterblichkeit der Seele betreffend. Von
