1373 2454
453 59 386 35 Zeitſchriften. Miscellen.

50 74 66 33 16

63 140 1168 39 Sendung vom Himmel (mit einer Vorrede von G. C. R. Ackermann).

51 191 307 39 Roſtok, 1830. —

140 237 1086 41 St. 4. 5. Baumgarten⸗Cruſius, Dogmengeſchichte. Jena,

60 285 1176 42 1832, (will nicht einzelnes kritiſch beleuchten, ſondern nur den Geiſt, wo⸗

59 334 1171 42 raus das Ganze hervorgegangen, den theol. philoſ. Standpunkt des Hrn.

55 389 413 39 Verf. charakteriſiren). —

144 432 1086 43 St. 12. Vinc. Ferrer, nach ſeinem Leben und Wirken dargeſtellt

53 483 530 41 von Dr. Heller. Berl., 1830.

134 529 1102 45 St. 20. A. H. Niemeyer, theol. Encycl. und Methodologie. Von

61 576 1173 48 einem ehemaligen Schüler des Vollendeten („trotz des Abrathens von

57 627 1170 45 Seiten des Sohnes von Niemeyer, trotz der Worte des Verſtorbenen,

65 676 1171 48 er wolle nichts von ſeinen Vorleſungen gedruckt wiſſen, dennoch) heraus⸗

59 728 806 48 gegeben. Leipz., 1830 (voll Mängel und Lücken).

134 769 1096 53 Roſenkranz, Encyclop. der theol. Wiſſenſchaften. Halle, 1831. —

134 823 1099 47 St. 23. Archiv für die Reform.⸗Geſch. von K. E. Förſtemann,

62 872 1184 49 B. 1. H. 1. (enthaltend: Canzler Brüfs, Geſch. der Reichshandl. auf

62 921 1183 49 dem R.⸗Tag zu Augsburg 1530). Halle, 1831 („aufmunternd zur

63 976 288 42 Fortſetzung”). —

139 1020 1105 44 van Hengel, Oratio de rel. christianae efficacitate in bellum.

56 1077 389 40 Lugd. Bat. 1832. —

143 1116 1097 48 Selbſtbiographie eines Landpredigers aus deſſen Tagebuch und Erin⸗

59 1165 922 50 nerungen. Theil 1. Jugendgeſchichte. Gött., 1831. —

144 1214 1102 51 Intelligenzblatt No. 1. Necrolog von C. D. Beck (geb. 1757

61 1272 474 43 ✝ 1832), von Wachsmuth.

532 1365 257 42 Miscellen.

86 1423 1146 50 Bonn. Theologiſche Vorleſungen im Sommer⸗Semeſter 1833.

443 1482 442 39 Evangeliſche Theologie:

146 1523 1097 49 Auguſti: Dogmatik. Archäologie. Bleek: Jeſaias. Galat. Theſſal.

72 1559 1181 51 Philipp. Koloſſ. Epheſ. Philem. — Abſchnitte aus den Thargumim. Gelpke:

77 1594 1167 53 N. T. Einleitung. Evangel. Johannis. Römer. Nitzſch: Moral. Dogmen⸗

71 1631 1176 52 geſch. Liturgik. Redepenning: Ausgew. Pſalmen. Kirchengeſch. Th. 2.

76 1665 1176 51 Rheinwald: Kirchengeſch. Th. 1. Patriſtik. Paſtoralbriefe. Sack: Sa⸗

77 1700 1165 55 muel. II. Encyclopädie. — Die exegetiſchen und das hiſtor. Seminar: Au⸗

71 1738 1173 53 guſti, Bleek, Rheinwald. Das homiletiſch. katechet. Seminar: Nitzſch

76 1793 160 33 und Sack.

460 1814 408 41 Katholiſche Theologie:

149 1855 1099 48 Achterfeld: Moral. Th. 1. Proleg. zur chr. Moral. Homilet.⸗katech.

70 1890 1182 52 Uebungen. Paſtoral⸗Theol. Th. 1. Braun: Synopſis. Kirchengeſchichte.

76 1925 1179 54 K. Alterthümer. Klee: Encyelopädie. Dogmatik Thl. 2. Hebräer oder

76 1962 1177 52 I. Corinth. Scholz: Jeſaias. Timotheus I. und Il. Bibl. Archäolog.

78 1997 1170 52 Exeget. Uebungen. Vogelſang: Dogmatik. Erkenntnißprincipien der chriſt⸗

81 2051 258 33 kathol. Theologie.

152 2075 775 45 Repetitionen im K. Convict. durch die Repetenten.

147 2117 544 39 Anfang der Vorleſungen 29. April.

111 2201 1110 53 Redacteur: Dr. Rheinwald. Verleger: F. A. Herbig.
