1350 2457
189 101 976 52 Allgemeines Repertorium

634 180 93 43 fuͤr

115 246 1121 58 die theologiſche Literatur und kirchliche Statiſtik.

80 348 1182 58 1. April. № 1. 1833.

90 471 1173 51 Aufgefordert von mehreren geachteten Theologen hat ſich der Unterzeichnete

94 517 1163 48 entſchloſſen, vereint mit mehreren Gelehrten, eine theologiſche Zeitſchrift un⸗

86 561 1175 52 ter obigem Titel herauszugeben. Sie wird ſich in ihrem kritiſchen Theile

86 608 1169 48 zunächſt eine Aufgabe ſtellen, welche keine der beſtehenden theologiſchen Zeit⸗

92 651 1173 51 ſchriften bis jetzt hat löſen wollen, nämlich alle neuen Erzeugniſſe dieſer

89 694 1170 55 Literatur anzuzeigen und zu beurtheilen. Hinſichtlich der Bücher ſoll

81 739 1176 53 dieß in der Art geſchehen, daß ihr Inhalt, ihre Darſtellungs⸗

81 784 1176 53 weiſe angegeben, ihr Geiſt, ihre Eigenthümlichkeit charakteriſirt

87 828 1176 56 und durch ein motivirtes kurzes Urtheil ihr Werth feſtgeſtellt

85 872 1177 53 wird. Die Programme, Diſſertationen, die Aufſätze und Kriti⸗

81 915 1170 57 ken der Zeitſchriften, ſo wie theologiſche Aufſätze und Recenſio⸗

75 959 1180 58 nen in Zeitſchriften anderer Fächer, werden bemerkend angezeigt.

155 1006 1102 55 Sodann wird ſie in ihrem ſtatiſtiſchen Theile, ſo viel möglich mittelſt

80 1052 1181 54 Original⸗Correſpondenz, Berichte über das kirchliche Leben in und außer

80 1098 1181 50 Deutſchland, eine Perſonal⸗Chronik der theologiſchen Fakultäten und Notizen

84 1141 1177 50 über deren ſämmtliche Inſtitute, endlich unter der Rubrik: „Miscellen”

76 1184 1158 53 Nachrichten über neue theologiſch⸗literariſche Unternehmungen etc. enthalten.

154 1231 1109 51 Der Herausgeber hat es ſich nebſt ſeinen Mitarbeitern und Correſpon⸗

80 1273 1177 55 denten zum Geſetz gemacht, in Beziehung auf Confeſſionen und theologiſche

82 1318 1171 54 Richtungen unpartheilich zu ſeyn, und hinſichtlich der Perſonen, mit derjeni⸗

76 1365 1181 52 gen Würde ſich zu äußern, welche den theologiſchen Beurtheiler als ſolchen

81 1409 256 37 auszeichnen ſollte.

149 1454 1113 51 Was einer unſerer geachtetſten Gottesgelehrten in einem Aufſatze der

74 1499 1188 50 „Studien und Kritiken!” (vom Jahre 1830, St. 3.) betitelt: „Gedanken

82 1543 1178 48 und Wünſche über Recenſionen” Treffliches und allgemein Beherzigenswerthes

76 1588 1182 51 gesagt hat, werden die Mitarbeiter an gegenwärtigem Unternehmen als lei⸗

77 1632 573 39 tende Regel zu beachten bemüht ſeyn.

141 1679 481 37 Bonn, den 22. Januar 1833.

500 1740 662 46 Dr. Georg Friedr. Heinr. Rheinwald,

401 1785 848 52 Lic. und außerordentlicher Profeſſor der ev. Theologie.

150 1893 1105 48 Vom 1ſten April d. J. an werden alle 14 Tage 3 Nummern von dieſem

67 1940 1188 48 Repertorium ausgegeben. Jedes Quartal bildet einen Band, im Preiſe zu

71 1984 1176 46 1½ Rthlr. — Beſtellungen nehmen alle Buchhandlungen des In⸗ und Aus⸗

77 2031 815 42 landes, ſo wie auch die Wohllöblichen Poſtämter an.

144 2075 423 34 Berlin, im Januar 1833.

637 2124 573 49 Der Verleger Fr. Aug. Herbig.

102 2241 956 40 I. Bd. 1
