1360 2453
407 86 587 39 Rust, Stimmen der Reformation etc.

80 93 88 33 284

79 168 1188 41 das eigentlich gelehrte oder gar theologiſche. Um ſo mehr müſſen wir be⸗

83 217 1180 43 dauern, daß er den geſchichtlichen Blick eigentlich nur auf die Nachtſeite

77 266 1184 42 der neueren Zeit gewendet und nicht wenigſtens neben dem Gegebenen auch

80 316 1183 42 gezeigt, wie das durch die Reformation ausgeſprochene und lebendig ge⸗

76 363 1181 44 wordene Prinzip ſich da und dort erhalten und bewährt hat in der Pra⸗

76 412 1189 44 xis. Dazu hätte die Betrachtung des Entwickelungsganges der deutſchen

78 461 1185 44 Nation vielfache und erfreuliche Beweiſe geliefert. Selbſt der Zeit fehlte

72 511 1179 43 es nicht ganz, welche der Herr Vf. für die oberflächlichſte, in ſich zerriſſenſte

75 561 1176 41 hält. Auch Friedrich hätte verdient tiefer aufgefaßt zu werden, obſchon

69 611 1188 41 im Allgemeinen die hier gegebene Charakteriſtik der Wahrheit ziemlich nahe

69 660 1186 40 kommt, und die neuern Verſuche, das Gegentheil zu begründen, uns bis

72 708 730 34 jetzt wenigſtens nicht befriedigen konnten. —

148 758 1106 39 Zuletzt ſtellt der Herr Vf. noch die Frage auf: „Wie ſoll’s anders,

76 807 1180 41 wie beſſer werden?” Er beantwortet ſie in 10 Artikeln, wie man ſie von

75 857 416 33 einem Theologen erwartet.

166 1060 1000 38 Nachfolgende Druckfehler wird der Leſer zu verbeſſern gebeten:

74 1132 763 36 Seite 2 Zeile 17 v. o. lies: beide ſtatt: leider.

95 1167 779 38 — 44 — 6 v. u. — von ihnen ſtatt: aus.

102 1200 970 40 — 72 — 14 v. ο. — dem B. Ordin. ſtatt: d. B. ordin.

94 1233 717 41 — 74 — 14 v. o. — ſeinen ſtatt: ſeine.

91 1272 941 41 — 82 — 18 v. o. — Teich Bethesda ſtatt: Bethesda.

86 1308 900 41 — 88 — 3 v. u. — ὤν ἐκ τοῦ ſtatt ὥν ἐν τοῦ.

86 1345 816 38 — 127 — 13 v. u. — Hunnius ſtatt: Gunnius.

92 1380 752 39 — 128 — 11 v. u. — africae ſtatt: africa.

88 1420 788 36 — 129 — 16 v. o. — proprius ſtatt poprias.

80 1457 1127 38 — 150 — 18 v. o. — Sonnabendfaſtens ſtatt: Sonnabendſyſtems.

80 1491 1164 40 — 151 — 18 und 19 ſoll es heißen: in der ſein eigenthümliches Ver⸗

521 1532 162 32 dienſt volle.

78 1564 691 37 — 172 — 6 v. u. — ces ſtatt: ses.

79 1600 933 36 — 188 — 11 v. u. — pas tout — à ſtatt: partout à.

83 1636 929 39 — 191 — 24 v. u. — “als klaſſiches Werk bezeichnen.”

81 1673 694 37 — 192 — 6 v. o. — das, ſtatt: dieß.
