1383 2456
482 60 414 49 Evangeliſches Kirchenrecht.

1205 88 72 38 195

99 130 1175 67 natur unſterblich und ewig ſelig ſeyn. Das letzte Gericht iſt auf Erden,

105 180 1171 65 die vorher Geſtorbenen kann die Vergeltung nicht mehr treffen, aber es

99 229 1177 65 werden die Gräber geöffnet erſcheinen, d. h. es wird von Allen erkannt

103 280 1165 66 werden, daß alle Geſtorbenen ſchon in eine Herrlichkeit eingegangen ſind,

101 329 1177 67 jeder in ſeiner Ordnung, Chriſtus zuerſt. Die Auferſtehung beſteht alſo

99 378 1172 68 darin, daß diejenigen, welche bisher irdiſch geweſen waren, geiſtig und un⸗

101 427 1168 67 ſterblich wurden, und erkannten, daß alle Geſtorbenen lebten, die früher im

93 476 1181 68 Tode zu ſeyn ſchienen. Die Belebung der Leiber iſt eben die Belebung

93 524 1178 67 der wahren Perſönlichkeit in den ſinnlichen Menſchen etc. Wenn der Apo⸗

101 573 1162 67 ſtel Paulus ſolchen Gnoſticismus vorgetragen hätte, wäre da die Vermu⸗

95 620 1178 68 thung des Felix ſo ganz unbegründet geweſen? Von der Exegeſe des

91 671 1176 66 Verf. nur ein Beiſpiel: Eph. II. 2, ἐξουσία τοῦ ἀερος = die ver⸗

94 716 361 48 derbliche Hofluft! —

390 844 571 52 Systematische Theologie.

264 898 815 59 Evangeliſches Kirchenrecht.

554 952 240 39 Erſte Ueberſicht.

565 1002 214 46 (Fortſetzung.)

123 1050 1137 66 7) Pölitz, über Kirche und Staat. (Jahrbücher der Geſchichte

178 1100 794 55 und Staatskunſt. 1832. April. Seite 352 ff.)

117 1158 1139 67 Wenn gleich auch hier nicht der poſitive Begriff von Kirche ſeine genügende

81 1204 1166 72 Erörterung findet (tiefer geht dießfalls Schröter in: Carl Auguſt, Groß⸗

85 1254 1168 71 herzog von Sachſen, 1829, S. 47; Baumgarten⸗Cruſius: Ueber

79 1303 1166 69 Gewiſſensfreiheit etc., 1830, S. 14 ff.), ſo ſind doch wohl zu beachtende

81 1353 1172 69 apoſterioriſche Gründe für die Vereinigung der Kirchen⸗ und Staatsgewalt

81 1401 1170 70 angeführt, und die beſtehende Conſiſtorialverfaſſung (S. 361) in ihrer

77 1451 1168 68 Zweckmäßigkeit dargethan, ſofern die Conſiſtorien als kirchliche Centralſtel⸗

77 1498 1169 69 len den perſönlichen Eingriffen des Regenten am leichteſten vorbeugen, und

77 1546 1166 70 für die Cultminiſterien, gegen deren Beſetzung durch Geiſtliche erhebliche

75 1596 1164 70 Bedenken vorgetragen werden, berathende Oberbehörden bilden. Uebrigens

77 1646 1162 70 läßt ſich der Verf. Presbyterien mit eingeſchränktem Wirkungskreiſe gefal⸗

71 1695 1174 73 len; die Vereinigung von Synoden mit der Conſiſtorial⸗Verfaſſung ſcheint

73 1741 698 60 ihm nicht ohne Grund für letztere gefährlich.

105 1837 1134 66 8) Der evangeliſche Staat und die evangeliſchen Geiſtli⸗

163 1891 1071 59 chen. Ein Wort der Zeit an die ſchweizeriſchen Verfaſſungsräthe,

165 1939 1064 60 Staatslenker und Kirchendiener. 8. Zürich 1831. 24 S. ⅟₁₂ rtl.

105 1992 1123 62 So klein dieß Schriftchen iſt, ſo gediegen iſt ſein Inhalt, ſo richtig und

71 2036 1156 69 wahr ſind die durchſchimmernden kirchenrechtlichen Grundſätze. Es bewegt

67 2085 1170 71 ſich zwar ganz auf dem Gebiet rein ſchweizeriſcher Verhältniſſe, aber beſpricht

65 2132 1172 73 dieſe mit einer ſo unbefangenen Nüchternheit, daß es weit über den mei⸗

63 2181 1174 75 ſten deutſchen Flugſchriften dieſer Klaſſe ſteht. Der ſpecielle Zweck iſt, den

949 2239 85 51 13 *
