1373 2457
528 75 317 41 Knapp Chriſtoterpe.

1223 94 50 38 69

94 141 1184 62 zu vernehmen, erklärt, ſucht er zwiſchen ſtrengen Supernaturaliſten und

96 191 1173 61 Rationaliſten zu vermitteln, allein auf nur ſehr vage und eben daher un⸗

93 241 1176 60 fruchtbare Weiſe. Ein ſolches Thema iſt für wenige Seiten zu groß, und

95 289 1181 61 bei allen geiſtreichen Bemerkungen im Einzelnen hat Heinroth theils zu

93 337 1178 65 viel, theils zu wenig gegeben, und wird weder Gelehrte, noch Laien be⸗

93 385 133 45 friedigen.

170 444 1102 58 „Die Geſchichte Joſephs” hat Paſtor Kern ſehr ſchön mit ſeinen pſy⸗

95 486 1176 66 chologiſchen und aſcetiſchen Bemerkungen erzaͤhlt, und namentlich auf ihren

91 535 1146 66 inneren, Joſeph und die Seinigen bildenden Zuſammenhang hingewieſen.

169 588 1102 62 Der „Rathſchluß Gottes zum Heile der Menſchen” wird in Erwäh⸗

83 631 1178 70 lung, Berufung, Gerechtſprechung und Verherrlichung zuſammengefaßt, und

84 679 1185 71 iſt eine recht praktiſche Paraphraſe von Röm. 8, 29 ff., bei welcher der

84 729 1079 67 Zweck der Erbauung durchaus auf glückliche Weiſe feſtgehalten wird.

160 785 1107 61 „Ueber das Zagen des Heilandes vor und in ſeinem Leiden auf Geth⸗

83 827 1184 69 ſemane und Golgatha” hat Dr. Olshauſen in bekannter ſinnreicher Weiſe

91 876 1170 69 ſich ausgeſprochen, und namentlich darzuthun verſucht, daß das Schwanken

87 925 1176 70 im Innern Jeſu nicht als etwas von der Schwäche des Willens Jeſu

79 976 1186 67 Ausgehendes, ſondern als etwas über ihn Verhängtes betrachtet werden

83 1022 1180 67 müſſe. — Die finniſch⸗lappiſche Miſſion bis 1726 und das Leben des er⸗

80 1070 1177 68 ſten Apoſtels der norwegiſchen Finnen, Thomas von Veſten, von Dr. Ru⸗

84 1118 1169 69 delbach, iſt ein ſchätzbarer Beitrag zur Geſchichte der Ausbreitung des

77 1166 521 55 Evangeliums in jenen Gegenden.

155 1228 1100 70 Am unbedeutendſten unter den proſaiſchen Beiträgen ſind die „Anſich⸗

80 1271 1175 77 ten vom Vorhof des Heiligthums, v. R.”; das Neue in ihnen iſt nicht

84 1317 436 59 wahr, das Wahre nicht neu.

156 1373 1095 83 Unter den poetiſchen Beiträgen iſt bei weitem das Ausgezeichnetſte

78 1413 1171 92 das 23 Seiten umfaſſende Gedicht des Herausgebers auf Göthe’s Hingang.

82 1463 1168 87 Der Verfaſſer klagt, daß Göthe bei ſeinem ſeltenen Talent kein chriſt⸗

70 1511 1177 88 licher Dichter geworden, und obwohl er dabei die Rückſicht vergißt, Göthe

80 1562 1167 85 aus ſeiner Zeit zu begreifen, und den Beweis ſchuldig bleibt, daß es nur

76 1610 1170 87 eine religiöſe Poeſie geben könne, ſo werden doch ſelbſt Göthe’s größte

82 1659 1162 88 Verehrer einen Gegner ihres Meiſters achten, der eben ſo anerkennend als

72 1711 430 64 poetiſch von demſelben ſagt:

320 1809 660 59 Ja, wenn ſonſt Einer auf der Erde Höhen,

314 1852 622 59 So weit des Menſchen Genius ſich hebt,

320 1896 633 60 Sich durft’ in heit’rer Feuerkraft ergehen,

314 1941 638 58 Von aller Schönheit Feenſchmuck umwebt,

316 1984 577 56 Wenn Einem in azurner Lüfte Wehen

315 2029 604 57 Der Muſe Reiz urbildlich vorgeſchwebt:

311 2071 614 59 An Deinem Sarge ſteht es hell zu leſen

315 2115 654 63 Mit Roſenſchimmer: Das biſt Du geweſen.

68 2169 898 86 obſchon er dann wieder in ganz anderem Tone hinzuſetzt:
