1351 2454
44 34 58 150 70

538 88 197 39 Zeitſchriften.

263 163 811 47 Fahr’ wohl, fahr’ wohl! Könnt’ ich ein Opfer legen

262 210 653 43 Auf Deine Gruft: es wäre Gottes Wort!

265 257 634 41 Im Leben trat es mahnend Dir entgegen

265 303 563 38 und über Deinem Tode lebt es fort.

265 346 638 41 Die ſchöne Seele wußt’ um ſeinen Segen,

276 388 717 44 Dein ſchöner Geiſt, gewann er auch den Port?

270 435 622 45 O, daß er dort in neuer Tugend blühte!

272 478 629 48 Daß ſelig Dich die Ewigkeit durchglühte!

141 544 1100 60 „Vier Kirchenlieder” von dem geſchätzten Liederdichter Nicolai (✝ im

55 593 1189 62 Jahre 1608 in Hamburg) ſind fließend und ohne die alte Kraft zu ver⸗

66 642 1184 62 lieren, vom Herausgeber überarbeitet worden; eben ſo haben die beiden

57 693 1182 59 Kupfer, welche das Buch zieren, ein Chriſtusbild und eine Kreuzabnahme,

70 741 1163 62 an ihm einen glücklichen Interpreten gefunden. Auch „die Todtenreiſe”

69 792 1177 58 von demſelben würde einen tiefen Eindruck machen, wenn ſie nicht zu lang

66 839 1186 62 wäre. Am wenigſten ſind dem Verf. die in einer Reihe von Liedern ent⸗

65 889 1186 61 haltenen Naturſchilderungen gelungen; ſeine chriſtliche Polemik zeigt ſich hier

66 938 1185 61 am befangenſten und er ſelbſt am meiſten als ein ſolcher, der erſt nach der

73 986 1184 62 vollen Harmonie mit ſich ſelbſt ringt. Werthvolle poetiſche Gaben haben

65 1035 1193 63 außer ihm v. Meyer, Schwarz und Bahnmaier geſpendet, beſonders lieſt

76 1085 1184 63 des Letzteren „Rath und Gegenrath” den Revolutionairs eine heilſame

71 1134 1194 64 Lection. Die „bisher ungedruckten aphoriſtiſchen Bemerkungen von Lava⸗

73 1185 1193 61 ter”, meiſt Diſtichen, ſind, gegen ſo manches Bedeutende und Originelle

77 1232 1188 65 gehalten, das wir von dieſem Manne haben, ſehr unbedeutend und haͤtten

77 1298 523 46 füglich ungedruckt bleiben können.

160 1340 1108 58 Sorgt der Herausgeber, wie er ſelbſt in der Vorrede anzudeuten

79 1390 1189 62 ſcheint, künftig mehr für eine Einheit des Geiſtes in den verſchiedenen

84 1440 1180 61 Mittheilungen, ſo kann dieſes ſchon in ſeiner erſten Erſcheinung ausgezeich⸗

80 1497 918 53 nete Taſchenbuch an Gehalt und Wirkung nur gewinnen.

533 1650 301 40 Zeitschriften.

131 1685 1143 62 Kirchenzeitung für das katholiſche Deutſchland. Von einer Ge⸗

158 1732 1116 60 ſellſchaft Katholiken. 1833. Augsburg, Volkhart. 4. Band 1.

166 1800 112 37 Heft 1.

133 1833 1134 59 Unter dieſem Titel erſcheint jetzt die mit dem 1. Juli 1832 gegründete,

97 1880 1179 62 unter dem Namen: „Neue Conſtitutionelle Kirchenzeitung” edirte Kirchen⸗

98 1928 1180 66 zeitung. Ihre Tendenz iſt: „in den Anſichten uͤber die kirchlichen Einrich⸗

92 1978 1184 64 tungen der katholiſchen Kirche und in den Anforderungen der Zeit an die

98 2028 1184 63 Mitglieder derſelben vor Allem den Geiſt des Evangeliums zu Grunde zu

102 2075 1178 67 legen, und dann die Bedürfniſſe der Zeit und die Bildungsſtufe der Zeit⸗

97 2121 1191 71 genoſſen zu berückſichtigen, fern vom Kaſtengeiſte und Intoleranz.” Die

106 2171 1180 68 Herausgeber wünſchen dem würdigen kathol. Elerus von Baiern, ſo weit

102 2227 1180 63 er ſich mit den Anſichten der Herausgeber befreundete, ein Organ darzu⸗
