1418 2273
452 116 876 161 Dritter Abſchnitt.
1144 118 1184 162 97
143 207 1189 252 Wahrheit unterſchiebt und vorausſetzt, kommt ſie natürlich
141 264 1181 310 zum Schluſſe, daß dieſer Jeſus nicht ſo habe reden kön⸗
147 323 1187 365 nen, wie ihn die Evangeliſten reden laſſen! Das iſt nicht
143 381 1193 422 beſſer als die alte Weiſe: „da kam mir ein Einfall von
141 438 1188 482 ungefähr: ſo redt' ich, wenn ich Chriſtus wär'!“ Daſſelbe
141 496 1190 538 Vorurtheil, in der roheſten Geſtalt, wird uns als wiſſen⸗
139 553 1192 598 ſchaftlicher Grund gegen das Hiſtoriſche der evangeliſchen
136 612 1190 656 Wunderheilungen geboten. So heißt es z. B. in Bezug
145 671 1186 713 auf die Heilung des Ausſätzigen *): „daß eine, in Folge
139 728 1183 772 tiefer Verderbniß der Säfte durch den hartnäckigſten und
135 787 1182 830 bösartigſten aller Ausſchläge zerfreſſene Haut durch ein
141 843 1178 886 Wort und eine Berührung augenblicklich rein und geſund
141 900 1175 942 geworden ſeyn ſollte, dieß iſt, weil es etwas einer langen
135 954 1175 1000 Reihe von Vermittlungen Bedürftiges als unmittelbar ein⸗
137 1011 1183 1060 getreten darſtellt, ſo undenkbar, daß es jeden, der auſſer⸗
135 1070 1179 1116 halb gewiſſer Vorurtheile ſteht (was der Kritiker immer
136 1125 1181 1174 ſoll) unwillkührlich an das Fabelreich erinnern muß.“
137 1185 1177 1231 Das „gewisse Vorurtheil,“ von welchem ſich dieſe Kritik
135 1245 1179 1292 frei zu ſeyn rühmt, iſt die in der evangeliſchen Geſchichte
135 1305 1175 1354 gegebene Annahme einer göttlichen Macht Jeſu, von wel⸗
136 1361 1174 1406 cher Annahme ſich dieſe vorausſetzungsloſe Herrſcherin,
133 1418 1174 1462 wie wir geſehen, durch einen willkührlichen Satz a priori
137 1476 1178 1519 d. h. durch das Vorurtheil, daß es keinen ſolchen Jeſus
135 1534 1175 1577 geben könne, dispenſirt hat **). Wir wollen darum nur
137 1591 1186 1638 noch anführen, daß im Betreff der Blindenheilungen be⸗
182 1731 338 1777 *) II, 56.
170 1784 1180 1830 **) Herr Weiße macht uns freilich eben erſt bekannt, daß die
235 1842 1176 1882 Philoſophie überhaupt ſich nicht zum Glauben an Wunder be⸗
241 1894 1173 1934 quemen könne, ſ. Tholuck's Litt. Anz. für 1836. N. 20.
236 1946 1183 1988 S. 157 fg. Nun wir freuen uns des offenen Geständniſſes.
235 1998 626 2040 Es verhütet Mesalliancen.
905 2041 938 2086 7
