1418 2273
450 743 916 812 Vorbemerkung.
166 949 1214 1005 Es war mir eine Zeitlang zweifelhaft, ob man dem ſo
159 1023 1214 1077 viel beſprochenen Strauß'ſchen Buche in beſondern
168 1097 1216 1155 Schriften begegnen ſolle, welche, wie jede Streitſchrift,
163 1173 1214 1230 einen Gegenſtand vor ein größeres Publicum bringen, den
165 1248 1220 1307 Herr Strauß nach ſeiner Vorrede S. VIII. ſelbst nur
160 1323 1214 1382 für den engern Kreis der gelehrten Theologen geeignet
167 1398 1214 1458 glaubt, und welcher daher eigentlich nur in den Organen
169 1474 1210 1529 der gelehrten Theologie, den theologiſchen Zeitſchriften,
163 1547 1215 1604 beſprochen werden ſollte. Allein ich ward eines Beſſern
165 1622 1218 1680 belehrt. Man konnte freilich an ſich ſchon vermuthen,
165 1696 1224 1757 daß eine Schrift, welche nach ihrem eigenen Geſtändniß
170 1773 1224 1832 weniger von gelehrten theologiſchen Wahrnehmungen, als
170 1848 1220 1909 von den Anſichten der neueren Bildung aus, die evange⸗
170 1925 1229 1982 liſche Geſchichte beſpricht, in dem großen Kreiſe derer An⸗
172 1999 1233 2059 klang finden werde, die auf den Namen der Gebildeten
