1418 2273
186 90 890 153 IV Vorbemerkung.
199 179 1247 243 Anſpruch machen. Und wenn Herr Strauß ſich ſelbſt
197 253 1237 320 nur als ein Organ weitverbreiteter Ueberzeugungen bezeich⸗
188 329 1247 393 net, ſo mußte er wohl von ſeinem Buche daſſelbe erwar⸗
199 405 1234 467 ten, was der Dichter erwartete: uni mitteris, omnibus
193 481 1244 543 legeris. Zu dieſer dem Buche natürlichen, und, wenn
198 555 1242 615 auch nicht beabſichtigten, doch unabweisbaren Beſtimmung
198 631 1235 691 geſellte ſich bald das Lob der gebildeten Bewunderer, we⸗
192 706 1242 766 niger in den gelehrten theologiſchen Zeitſchriften, am we⸗
193 781 1242 841 nigſten in gelehrter wiſſenſchaftlicher Beurtheilung; wohl
193 856 1242 915 aber gelangte das Buch bald zu den manus minores am
197 931 1242 990 porticus Quirini, und in verbreiteten politiſchen Tages⸗
189 1008 1234 1066 blättern rühmte man den wiſſenſchaftlichen Werth dieſes
190 1083 1234 1141 Buches. Rechnet man noch dazu, daß von anderen Sei⸗
187 1157 1236 1215 ten ſehr ernſthafte Bedenken über die Gefährlichkeit deſſel⸗
189 1230 1242 1290 ben laut wurden, ſo erklärt ſich leicht, wie dieſe Schrift
192 1306 1232 1366 Vielen Gegenſtand der Nachfrage, ja ſelbſt eifriger Be⸗
188 1382 1234 1439 ſchäftigung wurde, und daß die Nachricht von deren Er⸗
193 1456 1234 1514 ſcheinung je nach der Geſinnung entweder mit Frohlocken
191 1530 1234 1590 oder mit Abſcheu vernommen ward. Ich darf demnach
185 1604 1222 1665 Anfragen, die über dieſes Buch auch an mich ergingen,
180 1679 1226 1740 als einen gültigen Anlaß zu öffentlicher Antwort betrach⸗
192 1755 1230 1817 ten. Sie wird in den folgenden Bogen gegeben und gilt
182 1829 1228 1891 den Wohlgeſinnten unter den Gebildeten, welchen es etwa
182 1905 1228 1965 bei dem Ruhme der Macht des Gegners um die Sache
181 1980 1230 2041 des Evangeliums hat bange werden wollen. Bei der nicht
