1418 2273
122 105 1172 147 Bei dem Verleger dieſer Schrift sind ferner erſchienen und
305 155 1005 193 durch alle Buchhandlungen zu beziehen:
140 217 1182 255 Cur Deus homo? oder Warum ein Gott⸗Menſch? Zwei Geſpräche
164 260 1177 301 des Erzbiſchofs Anſelm von Canterbury über die Verſöhnung
174 304 1178 344 der Menſchen mit Gott. Zur Beherzigung für alle Chriſten aller Con⸗
170 348 1186 389 feſſionen aus dem Lateiniſchen überſetzt. Mit einer kurzen Lebens⸗
174 394 1180 432 beſchreibung Anſelms in dem Vorworte. gr. 8. 1834. 12 gr. od. 54 kr.
143 436 1182 475 Häverniek, H. A. Ch., Handhuch der historisch-kritischen Ein-
175 480 1177 517 leitung in das alte Testament. I. Theil 1 u. 2. Abthlg. gr. 8. 1836.
177 526 1181 561 2 Rthlr. 8gr. od. 4fl. 12 kr. (der 2. u. letzte Band folgt bald nach.)
143 569 1187 605 Harleſs, G. C. A., Commentar über den Brief Pauli an die
175 613 1013 648 Ephesier. gr. 8. 1834. 2 Rthlr. 16 gr. od. 4 sl. 48 kr.
127 659 1186 693 — — — de revelatione et fide. 8. maj. brosch. 1830. 12 gr.
180 706 332 739 od. 54 kr.
139 749 1191 785 Höfling, J. W. F., Myſticismus, der wahrhaft hiſtoriſche und der
182 793 1190 828 heutzutage falſchlich ſogenannte, in ihrem Verhältniſſe zum evangeli⸗
185 839 1189 869 ſchen Chriſtenthume dargeſtellt. gr. 8 broſch. 1832. 6 gr. oder 27 kr.
135 881 1190 915 Leben evangeliſcher Heidenboten. Herausgegeben von G. P. Heller. 1r Bd.
173 923 1191 957 Plinius Fisk, von Alvan Vond. Aus dem Engliſchen überſetzt 8.
178 968 1146 1000 1835. broſch. 30 Bogen. Vel. P. 1 Rthlr. 6 gr. oder 2 fl. 15 kr.
137 1011 1193 1045 Loehlein, C. L. E., Syrus, epistolae ad Ephesios interpres, in
178 1055 1195 1088 causa critica denuo examinatus. 8. maj. 1835. 8 gr. od. 36 kr.
177 1099 612 1130 Vel. Pap. 10 gr. od. 45 kr.
142 1142 1192 1179 Neubig, A., Iſt Chriſtus mit vollem Rechte den Tod eines Verbre⸗
184 1186 1197 1220 chers geſtorben. Eine Abhandlung aus dem höhern Staats⸗u. Kir⸗
178 1231 1194 1265 chenrechte für Juriſten und Theologen, ſo wie für jeden Gebildeten.
189 1275 731 1312 gr. 8. 1836. broſch. 8 gr. oder 36 kr.
145 1318 1198 1355 Ranke, F. H., Unterſuchungen über den Pentateuch aus dem Gebiete
185 1361 1196 1395 der höheren Kritik. 1. Bd. gr. 8. 1834. 1 Rthlr. 6 gr. od. 2fl. 15kr.
149 1406 1196 1440 Rückert, Friedrich, geſammelte Gedichte. 3. Aufl. Vel. P. gr. 8.
193 1447 761 1483 1836. broſch. 2 Rthlr. oder 3 fl. 36 kr.
151 1492 1203 1527 — — geſammelte Gedichte 2r Bd. Vel. P. gr. 8. 1836. broch. 2 Rthlr.
184 1535 431 1572 oder 3 fl. 36 kr.
155 1577 1201 1616 Steiger, W., kleine pauliniſche Briefe, 1r Theil: Der Brief an die
189 1620 1205 1658 Koloſſer. Ueberſetzung, Erklärung, einleitende u. epikritiſche Abhand⸗
191 1666 1195 1703 lungen. gr. 8. 1835. 1 Rthlr. 20 gr. od. 3 fl. 18 kr. Vel. P. 2 Rthlr.
194 1711 514 1751 4 gr. oder 3 fl. 54 kr.
153 1758 1201 1802 Tiele, J. N., ב ראשית Γένεσις. Das erſte Buch Moſes, zum
191 1807 1207 1847 Nutz und Frommen Studirender und practiſcher Theologen überſetzt
191 1851 1202 1890 und commentirt. 1r Bd. gr. 8. 1836. 40 Bogen. 1 Rthlr. 12 gr. od¬
190 1900 349 1938 2 fl. 42 kr.
159 1938 1209 1982 Zeiten und Dinge. Erſter Geſang. Aurora. gr. 8. 1885. broſch. Vel. P.
202 1988 432 2028 10 gr. od. 45 kr.
