1418 2273
550 96 895 156 Vorbemerkung. V
202 187 1256 243 ohne Kunſt und Abſicht herbeigeführten Verwirrung über
198 261 1252 320 die wahre Natur der Gegenſätze, die ſich hier bekämpfen,
206 335 1250 393 wird es zuerſt räthlich ſeyn, ſich über die Principien, von
207 410 1247 469 welchen der Streit ausgeht, zu orientiren. Dazu ſoll der
201 486 1251 544 erſte Abſchnitt dienen, in welchem die vorläufigen Ver⸗
199 564 1251 619 ſicherungen beleuchtet werden, die uns Herr Strauß in
205 639 1253 694 der Einleitung als wohlbegründete Prämiſſen und noth⸗
198 714 1249 770 wendige Entwicklung giebt. Im zweiten Abſchnitte lernen
202 789 1249 845 wir die Reſultate ſeiner Kritik, nämlich die Auseinander⸗
205 865 1249 921 ſetzung, wie man ſich die Entſtehung der einzelnen evan⸗
197 937 1247 996 geliſchen Mythen zu denken habe, kennen. Ich habe hier
191 1011 1245 1069 getroſt Alles abgeſchrieben, was zum Verſtändniß des Gei⸗
195 1086 1251 1147 ſtes, aus dem dieſes Buch hervorgegangen iſt, dient, un⸗
200 1165 1254 1221 angeſehen, daß es das Gefühl eines chriſtlichen Leſers oft
193 1240 1247 1299 verletzen wird. Wer ſich verführen laſſen will, der laſſe
202 1313 1250 1373 ſich verführen! Und mehr noch: wer von ſolchen Aeuſſe⸗
200 1389 1256 1449 rungen verführt wird, dem iſt überhaupt nicht mehr zu
197 1464 1241 1523 helfen. Die Ohren der Chriſten aber werden ſich an Ver⸗
195 1538 1246 1599 dächtigungen gewöhnen müſſen; denn was uns Herr Strauß
188 1616 1246 1675 zu hören giebt, das iſt nur der ſchwache Anfang von dem,
195 1690 1237 1749 was kommen wird. Im dritten Abſchnitt unterſuchen wir
193 1765 1241 1827 die kritiſchen Principien und Argumente, die zu ſolchen
195 1840 1248 1901 Reſultaten geführt haben. Es geſchieht auch dies in derſel⸗
189 1916 1241 1977 ben Weiſe und Abſicht, welche wir in den beiden andern
189 1991 1247 2056 Abſchnitten beachteten. Unſer einziger Zweck iſt zu zeigen,
