1249 2354
984 94 72 36 303

56 175 997 52 — denn wo ſie alle woͤrtlich uͤbereinſtimmen, macht ſich

59 236 998 47 der Urtert von ſelbſt —, ſo muß die rein⸗kritiſche

56 288 1002 53 Synopſe aushelfen, und derjenige Ausdruck oder die⸗

64 350 992 46 jenige grammatiſche Form ſach⸗ und ſprach⸗kundig er⸗

63 405 988 47 forſcht und wieder hergeſtellt werden, welche dem eigen⸗

56 461 1000 48 thuͤmlichen Geiſte und Zwecke Jeſu — wie derſelbe

60 517 966 48 aus andern aͤhnlichen oder Parallelſtellen hervorgeht —

60 574 992 47 und der anerkannten eigenthuͤmlichen Sprach⸗

59 630 998 48 weiſe Jeſu*) am angemeſſenſten iſt. Alle und jede

51 687 1007 47 Interpolation, und wenn ſie auch ſelbſt von den Evan⸗

60 745 814 46 geliſten herruͤhrte, iſt ſorgfaͤltig auszumerzen.

136 800 922 46 Nur mit großer Vorſsicht laſſen ſich 3) die Schrif⸗

52 855 1011 49 ten der Apoſtel benutzen, eben weil dieſe nicht wort⸗

61 916 994 43 getreu, ſondern nur dem Inhalte nach, wie derſelbe

59 968 998 48 von ihnen (oft ſehr einſeitig und nicht im Geiſte Jeſu)

63 1027 995 46 gefaßt worden, und mehr commentirend als referirend,

63 1081 994 48 ja oft zu ganz individuellen oder gar localen Zwecken,

61 1134 1008 50 das Evangelium von Chriſto predigten und ver⸗

59 1192 1004 47 breiteten. Ueberdies traͤgt offenbar das apoſtoliſche Chri⸗

57 1248 962 48 ſtenthum, in Form und Materie, eine juͤdiſche Farbe.

147 1309 916 43 Auch iſt 4) von den apokryphiſchen Schriften

53 1358 1010 51 des A. und N. T., ſo wie von den Schriften der Kir⸗

63 1415 1008 51 chenvaͤter, ein, jedoch ebenfalls nur vorſichtiger Ge⸗

63 1467 344 55 brauch zu machen**).

110 1536 944 47 *) Ein pſychologiſches Eingehen in den Geiſt und Cha⸗

145 1579 915 39 racter Jſeu, ſo wie eine zugleich hiſtoriſche Unterſuchung,

141 1613 917 39 auf welcher Stufe intellectueller und moraliſcher Bildung

144 1647 920 41 Jeſus geſtanden, als er in die Reihe der Chaeamim

151 1683 914 40 eintrat, und endlich eine vollſtaͤndige Bekanntſchaft, nicht

151 1719 915 39 blos mit der Palaͤſtinenſiſchen Landesſprache uͤberhaupt,

155 1754 904 38 ſondern insbeſondere mit der Jeſu eigenthuͤmlichen

155 1787 908 41 Sprachweiſe ſind hier unerlaͤſſig. Vergl. H. F. Pfann⸗

145 1822 918 41 kuche’s Verſuch uͤber die Palaͤſtinenſiſche Lan⸗

152 1857 912 41 desſprache im Zeitalter Jeſu und der Apo⸗

151 1891 912 41 ſtel in Eichhorns Bibl. d. n. theol. Lit. VIII, 3. Wie

152 1928 907 40 jeden Lehrer oder Schriftſteller muͤſſen wir auch Jeſum,

150 1962 911 42 zunaͤchſt und in ſoweit moͤglich, aus ihm ſelbſt hoͤren,

151 1996 305 43 leſen und erlaͤutern.

98 2009 971 63 **) Inwieweit diejenigen Ausſpruͤche Jeſu, welche nicht in den

148 2065 918 43 vier Evanglien vorkommen, aber von den Kirchenvaͤ⸗

153 2100 904 43 tern— ſey es aus unkanoniſchen Evangelien oder aus

151 2135 912 41 Traditionen geſchöpft — als ſolche aufgefuͤhrt werden,

149 2168 918 45 Beachtung verdienen, ſteht dahin. Gewiß war die Grund⸗

151 2206 909 44 lage der vier Evangelien muͤndliche Tradition,
