1284 2357
187 86 64 44 24

572 209 267 51 Polemik.

200 325 996 60 Ueber die Bedeutung und die Folgen des Streites

281 389 919 62 zwiſchen Rationalismus, Supernaturalismus und

278 454 922 61 Myſticismus. Zur Beruhigung aller denkenden

280 519 920 59 Verehrer Jeſu, welchen dieſer Streit ein Anſtoß

278 583 920 62 iſt. Von Dr. Wohlfarth. Halle, bei Carl Au⸗

288 662 588 50 guſt Kummel. 1833. (6 gr.)

294 740 910 62 Der auf dem Felde der Theologie ruͤhmlichſt be⸗

202 798 1002 61 kannte Verfaſſer vorliegender Schrift hat in derſelben

220 857 986 58 einen fuͤr die gegenwaͤrtige, auch in religioͤſer Hin⸗

222 914 986 56 ſicht ſehr bewegte, Zeit uͤberaus wichtigen Stoff zur

212 968 996 60 Bearbeitung ſich auserwaͤhlet, und ſich die Aufgabe

215 1024 989 62 geſtellet, diejenigen zu beruhigen, die dem hochwichtigen

210 1077 998 64 und noch lange nicht vollendeten Kampf zwiſchen Na⸗

218 1134 984 62 tionaliſten, Supernaturaliſten und Myſtikern, der da⸗

218 1190 990 64 durch auch eine allgemeine Wichtigkeit gewonnen hat,

218 1246 982 66 daß die Letztern ihn abſichtlich vor das Forum, ſelbſt

218 1304 982 66 des niedern, urtheilsloſen Volkes herabgezogen haben,

214 1354 930 67 — das ſprechendſte Zeichen ihrer Ohnmacht und Schwaͤ⸗

216 1415 984 67 che — nicht ohne Sorge fuͤr ihre religioͤſe Ueberzeugung

223 1467 985 75 zuſehen. Dadurch eben, daß man auch die Laien in

218 1522 998 74 der Theologie zu Zuſchauern, Helfern und Richtern in

218 1576 998 76 dieſem Kampfe aufgereget hat, iſt das Verlangen bei

224 1631 994 78 dem fortdauernden Fuͤr und Wider in dieſer ſchon an

226 1688 986 76 ſich wichtigen Sache nach Wahrheit, bei den großen

224 1743 986 76 Bewegungen der Meinungen, die wie Wellen des ſtuͤr⸗

224 1798 988 77 miſchen Meeres an einander ſchlagen, nach einem ſichern⸗

222 1853 998 76 den Hafen, in dem man ruhiger des Sturmes Ende

224 1912 994 72 erwarten kann, in ſofern ein allgemeines geworden,

228 1963 994 79 als es nicht nur die Maͤnner von Wiſſenſchaft, und

230 2019 990 82 unter ihnen die Lehrer der Religion, ſondern uͤberhaupt

227 2074 993 87 jeden beſchaͤftiget, der das Beduͤrfniß nach ſichernden

226 2128 1002 93 religioͤſen Ueberzeugungen in ſich fuͤhlt. Dieſem Ver⸗
