1283 2356
513 160 540 40 Inhalts⸗Anzeige.

405 290 267 37 I. Literatur.

298 335 797 44 W. Benecke, der Brief Pauli an die Roͤmer, er⸗

376 371 104 34 laͤutert. . . . . . . . 211

306 403 792 44 R. Klotz, Clementis Alex. opera omnia. Vol. III. 226

306 440 791 44 J. P. Gerlach, Fides oder die Religionen u. Culte

374 477 721 44 der bekannteſten Voͤlker der Erde ꝛc. 2r. Bd.

374 511 131 35 (Schluß.) . . . . . . . .228

304 520 793 69 H. G. M. Rettig, die freie proteſt. Kirche, oder

371 582 726 42 die kirchlichen Verfaſſungsgrundſaͤtze des Evan⸗

373 616 279 36 geliums. (Schluß.) . . . . . .242

302 650 791 43 F. Gebhardt, vollſtaͤndige Sammlung von An⸗

368 687 726 42 reden u. Gebeten fuͤr die deutſche prot. Kirche ꝛc. 255

400 746 699 46 II. Wiſſenſchaftliche Abhandlungen

461 784 262 38 und Aufſaͤtze.

294 828 796 43 Haben die Verfaſſer der Denkwuͤrdigkeiten Jeſu, u.

365 865 728 41 die Apoſtel von ihrer Individualitaͤt u. ihren

362 900 733 41 juͤdiſch⸗modificirten Anſichten befangen, manches

362 935 727 40 Fremdartige ꝛc. in ihre chriſtl. Darſtellungen hin⸗

362 969 661 42 eingetragen ꝛc.? Von E. Wickenhoͤfer. . 262

288 1001 795 45 Ueber die Wunder Jeſu. Etwas fuͤr Supernatura⸗

364 1037 649 48 liſten u. Rationaliſten. Von M. Stein. . 284

286 1072 644 43 Das Urevangelium. Von Dr. Kochen. . .298

387 1132 323 41 III. Miscellen.

298 1184 791 43 Pierpaolo Vergerio, Biſchof v. Capod'Iſtria ꝛc., an

357 1220 728 42 Pabſt Paul IV. uͤb. die Wiederherſtellung des

346 1255 588 46 Concils zu Trient. (Fortſetzung.). . . 306

1124 248 81 53 Seite.
