1251 2357
190 77 54 42 290

190 152 1002 56 beruͤckſichtigen haben, wirklich zu dem Vorwurf berech⸗

190 212 1000 54 tigen, das juͤdiſche Volk ſey dergeſtalt wunderſuͤchtig

194 265 994 58 geweſen, daß den meiſten Zeugniſſen der Geſchichte zu

185 320 1009 60 Folge, der Meſſias nothwendig als ein Wunderthaͤter

194 378 996 57 habe auftreten müſſen, weil im entgegengeſetzten Fall

202 433 986 60 ſeine Erſcheinung als etwas ganz Zweckloſes voruͤber⸗

196 502 391 49 gegangen ſeyn wuͤrde.

185 546 1003 56 Den wichtigſten Stellen, mit denen wir es ſo

192 602 996 59 eben zu thun haben, begegnen wir im Evangel. des

188 657 1004 64 Johannes, vergl. 1, 49. das Bekenntniß des Natha⸗

190 715 1000 61 nael; denn wenn dieſem die prophetiſche Rede Jeſu

192 770 1002 63 ſchon uͤber Alles ging, warum ſollen wir nicht auf

186 827 1006 62 aͤhnliche Anſichten und Urtheile unter ſeinen Zeitgenoſ⸗

188 886 1002 61 ſen, und namentlich unter ſeinen Landsleuten, ſchließen?

192 939 1000 65 Hier macht Jeſus ſogar ſelbſt erſt (V. 50) auf die Wun⸗

194 995 994 64 der aufmerkſam, die er kuͤnftig verrichten wuͤrde. Eine

189 1052 995 66 ganz aͤhnliche Bewandtniß hat es mit der Stelle 4, 25.,

192 1106 996 66 welche an eine ſehr gelauterte Chriſtologie der Sama⸗

194 1163 986 66 riter erinnert, denn die Frau giebt durch ihre Unter⸗

190 1218 998 70 redung mit dem Herrn zu verſtehen, wie man von dem

192 1275 998 70 Meſſias, ohne ihn als Wunderthaͤter zu denken, die

188 1332 1002 69 rechte Verkuͤndigung alles Nothwendigen erwarten duͤrfe,

192 1404 872 53 vergl. beſonders die treffende Stelle V. 41. 42.

278 1441 908 72 Einige nicht unerhebliche Stellen fuͤr unſern Zweck

184 1501 998 71 bietet auch das 7. Kapitel dar, vergl. V. 27., wo ein

191 1555 997 75 ganz anderes Merkmal zur Charakteriſtik des Meſſias,

190 1612 995 73 als man an die Wunder erinnere, angegeben wuͤrde, vergl.

190 1669 996 72 beſonders auch V. 46.; dreiſt berufe ich mich ſogar auch

188 1722 1004 77 auf V. 31., denn die Zeichen, welche hier erwaͤhnt

186 1777 1004 77 werden, gehen nur theilweiſe auf die Wunder, und bei

190 1836 988 76 weitem mehr auf die geſammte großartige Erſcheinung

192 1892 990 77 des Meſſias, wo er unter allen Umſtaͤnden frei auf⸗

196 1945 985 82 treten, ſich uͤber das alte Teſtament, die in ihm gebo⸗

194 2001 992 84 tene Sabbathsſtrenge, und uͤber aͤhnliche Dinge erhe⸗

194 2056 995 87 ben konnte. Namentlich muß noch 10, 41. angezogen

188 2111 998 90 werden, denn auch aus dieſer Stelle geht hervor, wie

194 2171 994 90 wenig man ſich an eigentliche Wunder kehrte, dagegen
