1284 2357
208 80 48 49 32

210 139 1006 73 den irdiſchen Cauſalitaͤtsverhaͤltniſſen unmittel⸗

212 198 996 70 bar wirkſam ſehen will, was mit der Analogie der

216 253 994 72 ganzen Natur und unſerer eigenen Erfahrung ſtreitet.

210 312 994 69 Recht hat der Myſticismus, wenn er, nachdem die

216 365 994 73 Vernunft die religioͤſen Ideen in ihren letzten Gruͤn⸗

216 421 1002 74 den dargeſtellt und aufgefaßt, der Verſtand aber

208 479 1000 70 dieſelben von aller falſchen Zuthat des Aber⸗ und

216 534 994 71 Ueberglaubens gereiniget, die Religion als etwas

216 591 994 68 Geheimnißvolles, Unbegreifliches behandelt, ihre

206 649 1002 69 uͤberſchwenglichen Ideen ſich durch die Phanta⸗

207 701 1007 75 ſie zu veranſchaulichen ſtrebt, und ſich denſelben mit

219 757 991 79 glaͤubigem Gemüͤthe hingiebt. Denn, wie der reli⸗

211 814 993 79 gioͤſe Glaube im Menſchen ſelbſt ein ſupernatura⸗

214 867 1002 79 les, ein uns auch nicht aus dem Gange der ſichtbaren

216 924 996 77 Natur erklaͤrbares, verliehenes Beduͤrfniß zum Glauben

218 982 992 76 an etwas uͤber der Natur Vorhandenes (Supernatu⸗

214 1036 1004 78 rales) nach den unmittelbar uns innewohnenden reli⸗

215 1094 997 80 gioͤſen Vernunftideen iſt, ſo liegt in der Religion

216 1164 808 63 durchaus ein myſtiſches Element u. ſ. w."

1076 1210 62 49 H.

539 1421 354 54 Paͤdagogik.

216 1513 1000 92 1. Erziehungslehre von Fr. J. Chr. Schwarz,

294 1574 918 91 Doct. d. Th. u. Ph., Großherz. Badenſchem Ge⸗

296 1635 927 96 heimen Kirchenrathe und ord. Prof. d. Th. zu Hei⸗

300 1703 916 90 delberg. Erſter Band, erſte Abtheilung. Zweite

298 1763 920 94 durchaus umgearbeitete, verbeſſerte Auflage. Leip⸗

294 1828 932 95 zig, bei G. J. Goͤſchen. 1829. 538 S. Zweite

300 1895 914 87 Abtheilung 520 S. Zweiter Band 605 S.

300 1988 580 60 Dritter Band 422 S. 8.

206 2019 1018 103 2. Die Schulen. Die verſchiedenen Arten der Schu⸗

294 2081 932 100 len, ihre innern und aͤußern Verhaͤltniſſe und ihre

290 2147 942 100 Beſtimmung in dem Entwicklungsgange der
