1301 2357
422 209 582 39 Inhalts⸗Anzeige.

360 347 265 33 I. Literatur.

262 388 804 41 G. W. Hengſtenberg, Chriſtologie des A. T.

323 422 743 39 und Comment. uͤb. die Meſſian. Weiſſagungen

328 453 842 43 der Propheten. II. Theils 1. u. 2. Abth. . 1

259 489 799 46 J. C. Thilo, Codex apocryphus N. T. E libris

329 527 724 37 editis et manuscriptis, maxime Gallicanis etc.

331 556 849 44 collectus, recensitus etc. . . . . 12

259 597 807 38 R. Stier, Kurzer Grundriß einer bibliſchen Keryk⸗

324 631 740 42 tik, oder einer Anweiſung, durch das Wort Got⸗

332 660 854 47 tes ſich zur Predigtkunſt zu bilden ꝛc. . . 10

262 699 800 41 Wohlfarth, Ueber die Bedeutung und die Fol⸗

333 738 727 39 gen des Streites zwiſchen Nationalism., Super⸗

336 765 852 46 naturalism. u. Myſticism. . . . . 24

263 806 803 41 F. J. Ehr. Schwarz, Erziehungslehre. Zweite

332 835 843 44 durchaus umgearb., verb. Aufl. 3 Bde. . 32

259 876 805 39 Derſelbe, die Schulen. Die verſchiedenen Arten der

333 902 857 46 Schulen, ihre innern und aͤußern Verhaͤltniſſe ꝛc. 32

357 972 711 34 II. Wiſſenſchaftliche Abhandlungen

422 1009 270 33 und Aufſätze.

256 1053 808 37 Ueber die neueren pantheiſtiſchen Richtungen in der

326 1086 746 38 chriſtl. Dogmatik mit beſonderer Bezugnahme auf

334 1110 845 49 den prakt. Theologen. Von Fr. Feldmann. 39

261 1151 904 45 Ueber die Auctoritaͤt der Apoſtel. V. Hl. (Schluß.) 59

263 1192 801 39 Ueber Roͤm. VII, 1., als Beitrag zur Entſcheidung

334 1231 736 45 der Frage, ob zu den Worten έφ’ ύσον Xρό⸗

335 1276 739 40 νον ζῃ; ὁ ἄνθρωπoς oder ὁ νόμος zu

336 1315 738 39 ergaͤnzen ſey. Von Dr. E. Köllner in Goͤt⸗

334 1344 855 43 tingen. . . . . . . . . . 59

264 1388 810 33 Verſchiedene Grabreden von Geiſtlichen. Welche zu

333 1412 845 40 wuͤnſchen? Von Klkrz. . . . . 68

267 1455 807 40 Erwiederung auf d. Bemerkungen, welche im Juni⸗

334 1493 728 34 Hefte 1833 dieſer Annalen uͤber d. Beantwortung

339 1525 732 39 der Preisfrage v. J. 1832 gemacht wurden. Von

335 1557 852 44 Pfr. Guth. . . . . . . .  79

371 1626 311 33 III. Miscellen.

267 1669 811 39 Praktiſche Schriftauslegung von D. Heydenreich

344 1698 831 44 uͤber Mark. 9, 14—32. . . . . . 85

261 1738 811 38 Pierpaolo Vergerio, Biſchof v. Capo d'Iſtria ꝛc., an

341 1771 730 39 Papſt Paul IV. uͤb. d. Wiederherſtellung des

335 1801 855 45 Concils zu Trient. . . . . . .  96

270 1839 921 45 Orthographiſche Frage ꝛc. . . . . . . 111
