1280 2355
1032 103 56 44 79

83 155 1000 84 gelehrte, ſtellt euch dar als Chriſti Diener und Nach⸗

89 215 980 83 folger. Und es wird beſſer werden, — zuerſt in euch,

85 266 986 86 — dann gewiß auch um und außer euch, in der Kirche

75 321 998 88 und Gemeinde. „Uebet euch ſelbst in der Gottſeelig⸗

81 378 992 86 keit: ohne ſie iſt andere Uebung (euch und Andern)

75 434 994 89 wenig nuͤtze; die Gottſeeligkeit aber iſt zu Allem nuͤtze,

79 494 988 82 und hat Verheißungen fuͤr dieſes und das zuküͤnftige

71 547 132 55 Leben.“

850 621 150 54 Klkrz.

81 807 984 83 Erwiederung auf die Bemerkungen, welche im

79 873 996 80 Juni⸗Hefte 1833 dieſer Annalen uͤber die Beant⸗

93 942 962 74 wortung der Preisfrage v. J. 1832 gemacht

127 1012 874 70 wurden. Vom Verf. jener Beantwortung.

149 1123 922 71 Wenn der Unterzeichnete auf die uͤber ſeine Arbeit

75 1171 981 79 gemachten Bemerkungen, welche er zufaͤllig jetzt erſt zu

73 1225 986 84 Geſichte bekam, Einiges erwiedern zu muͤſſen glaubt,

71 1281 992 83 ſo geſchieht dies einzig um der Sache willen, da er ja

65 1335 994 86 jene Arbeit als eine unvollkommene ſelbſt unverholen

71 1395 988 82 anerkannt hat, und weit von dem Wahne entfernt iſt,

73 1451 984 82 ſeine Anſichten fuͤr unfehlbar zu halten. Der geneigte

67 1503 992 87 Leſer wolle pruͤfen, und das Beſſere behalten. Der

67 1556 992 91 Hr. **r. meint, Chriſtus und ſeine Apoſtel haͤtten an

67 1616 994 87 einen Univerſalismus weder gedacht, noch denken koͤn⸗

67 1672 984 90 nen, und das iſt es im Grunde allein, was er gegen

63 1727 988 93 meine Behauptungen in jener Abhandlung vorbringt,

69 1784 994 93 und zu beweiſen ſucht. Gegen dieſe ſeine Beweiſe

67 1840 982 94 ſcheint mir noch Manches vorgebracht werden zu koͤn⸗

63 1900 996 88 nen. Hier nur das, was ich, ohne eigentlichen gelehr⸗

58 1949 719 85 len Apparat, zu geben im Stande bin.

133 2023 914 76 Chriſtus ſoll vor Allem ſeinen Nationalismus

63 2062 990 94 und Particularismus oͤfter ſelbſt zu erkennen ge⸗

63 2120 992 91 geben haben, z. B. Matth. 15, 21., wo er erklaͤre, daß

63 2176 984 94 er nur zu den verlornen Schafen des Hauſes
