1249 2354
1035 76 69 32 307

106 165 992 43 verſammlungen vorgeſchriebene Form nicht beobachte, folg⸗

114 210 986 42 lich auch weder ſie, noch Deutſchland verpflichten koͤnne,

109 256 992 39 irgend ein Dekret unſers Conciliums anzunehmen,

111 298 999 41 und endlich von Trient abreiſen; alsdann aber werden

116 341 984 42 ſie in alle deutſche Provinzen Boten ausſchicken, Schmaͤh⸗

120 385 988 42 ſchriften ausſtreuen, durch Prediger laut ſchreien laſſen;

113 429 979 42 uns verlaͤumden, Mißgunſt und Haß nicht nur jener

115 471 990 43 Fuͤrſten und Voͤlker, die ſich ſchon lange von dem hei⸗

111 516 986 42 ligen Stuhle und Gehorsam getrennt haben, ſondern

120 559 988 42 auch derjenigen, die es noch mit uns halten, gegen uns

113 603 990 42 herbeifuͤhren; denn es leidet dabei auch empfindlich die

115 648 988 40 Autoritaͤt der letztern, weil ſie ihre Reichsbeſchluͤſſe ſo

114 690 573 43 offenbar verachtet ſehen muͤßten.

190 735 920 41 Sollte aber das Concilium dennoch auf der alt⸗

118 779 990 41 hergebrachten Gewohnheit beſtehen, und wollte es un⸗

113 822 1000 42 abaͤnderlich fortfahren, nur mit den Biſchoͤfen al⸗

111 868 1004 40 lein neue Dekrete abzufaſſen, ohne dabei weder auf

113 912 996 39 die Fuͤrſten, die Staͤnde des Reichs, und von denſel⸗

117 955 990 39 ben erlaſſenen Reichsbeſchluͤſſe, noch auf die Zuſagen

115 998 992 41 der Paͤpſte Paul III., Julius III. und des geſammten

117 1042 990 41 Conciliums einige Ruͤckſicht zu nehmen, ſo iſt wahrlich

121 1087 992 39 ſehr zu befuͤrchten, daß große, gewaltſame Bewegungen

115 1131 1004 38 ſich erheben werden. Man wird nicht ermangeln, die

115 1171 996 42 Voͤlker aufzureizen, und ihnen beizubringen, daß wir,

115 1219 994 37 nach zu Ende gebrachtem Concilium, unſere Dekrete

115 1260 976 39 mit Waffen zu unterſtuͤtzen, folglich — die Voͤlker —

113 1303 998 41 durch Gewalt zum Gehorſame zu zwingen geſinnt ſeyen.

121 1347 994 40 Wer kann dafuͤr ſtehen, ob nicht alsdann noch ein

121 1390 992 42 zweiter Moritz auftrete, der das ganze Concilium aus

115 1434 996 42 dem Grunde allein zernichtet, weil daſſelbe als Veraͤch⸗

115 1477 1000 41 ter und Feind der Reichsverſammlungen und aller deut⸗

121 1522 995 40 ſchen Reichsſtaͤnde verrufen und geſchildert worden iſt.

207 1569 915 36 Vielleicht ſagt Eure Heiligkeit: Ich erkenne die

113 1606 1009 45 Gefahr, ich ſehe nur zu gut ein, daß es unmoͤglich ſey,

119 1651 996 43 den Verdacht einer offenbaren Geringsſchaͤtzung und

133 1694 992 45 Verachtung gegen die ganze deutſche Nation und die

119 1737 1006 45 Reichsverſammlung von uns zu entfernen, wenn wir

123 1779 1000 46 diejenigen abweiſen ſollten, welche bei dem Concilium

121 1823 994 46 erſcheinen wuͤrden, um allda ihre Meinungen mit den

117 1863 1016 50 Biſchoͤfen gemeinſchaftlich vorzutragen; ich will alſo

123 1908 996 49 befehlen, daß man ſie annehme, daß auch geſtattet

125 1954 990 46 ſeyn ſoll, alles, was immer ihnen belieben wuͤrde vor⸗

127 1998 998 46 zutragen, und uͤber alles zu ſprechen. Allein, Heiligſter

119 2036 1012 52 Vater, ich muß hier widerſprechen und behaupten, daß

125 2082 1002 50 es ſehr gefaͤhrlich und hoͤchſt nachtheilig fuͤr uns ſeyn

123 2123 996 52 wuͤrde, wenn ihnen freier Vortrag in dem Concilium

116 2166 1005 55 geſtattet werden wollte, denn es iſt nicht zu leugnen,

138 2210 787 55 IV Jahrg. 2 Bds. 3 Hft. X.
