1279 2354
84 889 48 154 1.

310 657 551 52 Literatur.

332 850 502 51 Bibliſche Literatur.

168 961 928 57 Chriſtologie des Alten Teſtaments und Com⸗

150 1028 944 53 mentar uͤber die Meſſianiſchen Weiſſagungen

158 1092 928 53 der Propheten. Von E. W. Hengſtenberg.

162 1157 921 52 Zweiten Theiles erſte und zweite Abtheilung,

153 1221 933 52 enthaltend Sacharjah und Daniel. Berlin

157 1285 931 55 bei L. Oehmigke. 1832. gr. 8. S. IV. u. 581.

152 1352 308 53 (2 Thlr. 4 gr.)

83 1442 1006 54 Herr D. Hengſtenberg hat im erſten Theile ſei⸗

89 1501 996 51 ner Schrift die allgemeine Vorbereitung zu einer Chri⸗

81 1557 1004 52 ſtologie des A. und N. Bundes gegeben. Darauf laͤßt

77 1613 1012 51 er eine Geſchichte der meſſianiſchen Weiſſagungen bei

83 1668 1003 52 den Hebraͤern folgen, wobei er zuerſt die meſſianiſchen

81 1724 1000 54 Weiſſagungen im Pentateuch, dann in den Pſalmen,

83 1780 1004 54 dann im Allgemeinen bei den Propheten betrachtet.

79 1833 1002 58 Hieran knuͤpft er einige Kapitel uͤber die Gottheit des

83 1892 1000 56 Meſſias, uͤber den leidenden und buͤßenden Meſſias im

83 1950 1004 54 A. T., uͤber die Beſchaffenheit der Weiſſagung, uͤber

77 2005 1008 54 Beweismittel der Meſſianitaͤt der einzelnen Stellen und

77 2062 1000 54 Literatur der meſſianiſchen Weiſſagungen. Die zweite

73 2115 1006 59 Abtheilung dieſes erſten Theils enthaͤlt die meſſian.

77 2170 1004 63 Weiſſagungen des Jeſaias, im ganzen Umfange betrach⸗

73 2231 1008 58 tet. Der zweite, eben angezeigte Haupttheil giebt

101 2283 775 53 IVJahrg. 2 Bds. I Hft. A
