1251 2357
153 107 72 36 302

237 191 922 44 Wie gelangen wir aber zu der Richtigkeit und

150 247 476 40 Reinheit dieſes Textes? *)

236 300 924 46 Und da darf ich gewiß 1) als unbeſtritten voraus⸗

160 357 990 47 ausſetzen, daß die vier Evangeliſten des N. T., wenn

152 413 998 47 auch nicht die Abſicht hatten, die Worte Jeſu gerade ſo

150 470 996 48 und nicht anders, als Er dieſelben geſprochen, zu refe⸗

154 527 964 46 riren **), gleichwohl wiſſentlich von dieſen Worten —

143 583 1002 47 wie ſie dieſelben entweder perſoͤnlich von Jeſu gehoͤrt,

144 637 1008 49 oder als glaubwuͤrdig von Anderen vernommen und

154 695 996 49 geiſtig aufgefaßt hatten — keineswegs abweichen, am

154 751 992 48 wenigſten ihrem Meiſter irgend etwas, das nur ſie ſelbſt

150 807 996 51 gedacht, gleichſam unterlegen und, ſo zu ſagen, in den

150 862 1002 51 Mund legen wollten. Wir muͤſſen alſo, was den Text

142 921 1002 47 der reinen Chriſtuslehrer ***) betrifft, auf die vier

146 976 994 50 Evangeliſten, beſonders auf Matthaͤus, Marcus und

146 1032 990 50 Lucas, als die einzigen aber wahrhaftigen (hiſtoriſchen)

142 1088 1004 49 Referenten, zuruͤckgehen. Aus der Apoſtelgeſchichte iſt

147 1154 888 40 bekanntlich nur die Stelle 23, 35. zu entnehmen.

222 1198 918 54 Wenn nun aber 2) dieſe Referenten unter ſich in

142 1253 1002 57 einzelnen Worten oder Saͤtzen von einander abweichen

210 1349 932 53 *) Ob die Complutenſiſche Polyglotte v. J. 1514, mit

234 1383 904 54 den aͤlteſten Handſchriften und Ueberſetzungen nochmals

237 1418 903 54 ſtrenge verglichen, oder welche der neueren Recenſionen

233 1453 907 56 zum Grunde gelegt werden duͤrfte, will ich den Maͤnnern

235 1510 389 32 vom Fache anheim geben.

180 1521 957 57 **) Der Evangeliſt Johannes hatte offenbar dieſe Abſicht

226 1556 914 58 nicht. Derſelbe erwaͤhnt mehr, daß, als was Jeſus ge⸗

236 1591 906 58 lehrt habe. Er ſetzt im Grunde die Bekanntſchaft mit der

234 1628 902 56 Chriſtuslehre bei ſeinen Leſern voraus, und iſt es ihm ganz

226 1661 910 58 beſonders um die freie geiſtige Auffaſſung derſel⸗

232 1696 906 59 ben zu thun. Uebrigens iſt ſein Evangelium auf griechiſch⸗

231 1756 451 33 juͤdiſchem Boden entſprungen.

178 1764 964 61 ***) Zur Ausgleichung der neueſten Fehde (vgl. Bretſchnei⸗

236 1802 900 58 der im Hall. Predigerjournal, Juli u. Auguſt 1833, und;

233 1835 897 60 Bittſchreiben an den Herrn Dr. Bretſchneider, der

228 1869 907 62 evangel. Kirche doch ja ihren guten Namen zu erhalten,

226 1906 902 60 von Ehr. Sincerus. Berl. 1834) ſey es geſagt: Das

224 1939 910 62 Chriſtenthum iſt, im weiteſten Sinne genommen, ein

221 1975 906 62 bibliſches und zwar evangeliſch⸗apoſtoliſches,

234 2008 896 64 im engeren ein evangeliſches und zwar aus den vier

224 2043 906 64 Evangelien zu ermittelndes, im engſten ein reines, ein

229 2077 899 64 Chriſtenthum an ſich, das eigentlich wahre Chriſtenthum

228 2111 906 67 nicht des Buchſtabens, ſondern des Geiſtes, aber aus dem

228 2143 909 70 Buchſtaben und Geiſte Chriſti ſelbſt hervorgegangen. Zu

231 2203 773 47 dieſem reinen Chriſtenthum muͤſſen wir durch das

228 2252 250 32 evangeliſche hin!
