1249 2354
983 101 72 44 295

53 176 1002 56 denden anſtellte, bald ohne eine ſolche ihn geſund

57 233 1002 58 machte, zu der einen Zeit gen Himmel ſah und betete,

55 292 992 55 zu einer andern aber dieſes unterlaſſen zu muͤſſen glaubte.

55 346 992 56 So unabhaͤngig erſcheint hier der Erloͤſer von den Men¬

53 401 998 58 ſchen, daß er mit ſeinem allwiſſenden Auge es allein

51 458 992 55 entdeckte, unter welcher Form jedesmal ſeine Wunder

55 513 990 58 hervortreten ſollten. Zu einer ſolchen Unabhaͤngigkeit

53 571 1000 55 gehoͤrt endlich noch die Anweiſung, mit welcher die

51 625 990 60 Geheilten entlaſſen wurden. Einigen von ihnen wurde

49 680 996 61 die Beobachtung beſtehender Geſetze (Matth. 8, 4.) vor⸗

49 738 988 58 geſchrieben, waͤhrend ſie andern erlaſſen wurde. Eben

51 795 992 57 ſo erhielten Manche den Auftrag, die Wunder gar nicht

51 851 990 60 bekannt zu machen, waͤhrend Andere an einer ſolchen

41 903 998 66 Bekanntmachung im mindeſten nicht gehindert wurden.

39 962 1000 62 Hält man ſich nicht an dieſe voͤllige Unabhaͤngigkeit

35 1017 1008 63 Chriſti, ſo kann man in einzelne Wunder, wer weiß

41 1072 992 65 was, hineinlegen, und auch alles aus ihnen heraus⸗

43 1126 218 58 demonſtriren.

49 1186 986 64 Wir eilen zu der letzten Frage: Wie hat ſich Je⸗

39 1240 996 64 ſus ſelbſt uͤber ſeine außerordentlichen Thaten erklaͤrt?

39 1296 992 67 Hier muͤſſen zuvoͤrderſt die verſchiedenen Aeußerungen,

41 1350 988 68 wie ſie ſich in den Stellen der Evangeliſten finden,

37 1405 990 66 claſſificirt, und darnach dann unſere Urtheile beſtimmt

35 1460 996 68 werden. Wir machen mit ſolchen Stellen den Anfang,

37 1516 986 67 in denen der Heiland ſelbst ſeine Wunder herabzuſetzen

43 1574 990 66 ſcheint, denn waͤre dieſes mehr, als Schein, ſo wuͤrden

39 1629 988 66 natuͤrlich ſeine uͤbrigen Ausſpruͤche uͤber dieſen Gegen⸗

33 1682 577 66 ſtand ihre Beweiskraft verlieren.

113 1751 914 61 Halten wir uns aber an die bekannte Stelle Joh.

39 1797 994 68 4, 48., ſo iſt dieſe allerdings um ſo auffallender, als

34 1850 993 71 Jeſus nur erſt ein Wunder, Joh. 2, 1—11., verrichtet

31 1905 994 74 hatte. Hieraus geht nun aber auch gleich hervor, daß

39 1961 990 71 Chriſtus eine ſolche Aeußerung keineswegs mit Bezie⸗

35 2017 996 73 hung auf ſeine Wunder uͤberhaupt, ſondern nur mit

33 2070 994 77 Beziehung auf den vorliegenden Fall, wo ſein Auge

40 2127 983 77 genau das Herz des Hauptmanns durchſchaute, thun

35 2181 990 82 wollte. Und dieſer erſcheint wirklich in einer ganz an⸗
