1280 2354
1054 107 54 40 15

103 159 1006 81 chiſche Urſchrift iſt vielleicht noch auf der St. Marcus⸗

106 211 383 61 Bibliothek vorhanden.

187 280 908 70 Im zweiten Theile dieſes hochwichtigen Werkes

99 326 1010 82 werden wir die apokryphiſchen Apoſtelgeſchichten, Epiſteln

102 382 1003 81 und Apokalypſen erhalten. Im dritten Theile aber

97 439 996 77 haben wir die hiſtoriſch-kritiſchen Unterſuchungen, wel⸗

101 498 996 74 che die generelle und ſpecielle Einleitung zu den Apo⸗

95 549 1000 79 kryphen uͤberhaupt, und zu den erhaltenen und verlo⸗

95 608 1000 78 renen inſonderheit, ausmachen, zu erwarten. Wir ſehen

89 663 1002 79 mit großem Intereſſe der Fortſetzung und Vollendung

91 723 1006 76 entgegen, und wuͤnſchen dem ehrwuͤrdigen Herausgeber

89 778 998 78 zur Energie ſeines Willens, zur Reichhaltigkeit ſeiner

87 834 998 77 Gelehrſamkeit und zur Tiefe ſeines Forſcherſinnes Ge⸗

91 892 1000 79 ſundheit und Kraft aus dem Grunde unſeres Herzens.

87 947 1002 80 Auch der Verlagshandlung gebuͤhrt dankbare und eh⸗

87 1004 998 81 renvolle Anerkennung. Denn ſie hat ſich einer Unter⸗

87 1061 996 82 nehmung unterzogen, welche keinesweges zu den das

87 1117 995 85 allgemeine Beduͤrfniß in Anſpruch nehmenden gehoͤrt,

78 1174 1005 85 ſondern nur allmaͤhlich die Capitalien zuruͤckgeben wird,

79 1230 1002 85 welche ſie gekoſtet. Und wie wuͤrdig und correct iſt der

83 1288 996 83 Druck ausgefuͤhrt! Ref., welcher das Werk nun faſt

81 1343 996 85 ein Jahr lang, beſonders bei ſeinen eregetiſchen Arbei⸗

77 1401 998 84 ten, im Gebrauche hat, hat noch nicht einen einzigen

81 1457 994 82 ſinnentſtellenden Druckfehler gefunden. Eine ſeltene Er⸗

80 1514 491 65 ſcheinung in unſern Tagen!

155 1576 930 76 Hochwichtig nannten wir das Werk. So iſt es

75 1622 1006 88 beſonders fuͤr den Exegeten und Kritiker, fuͤr den For⸗

81 1679 1000 90 ſcher der Dogmatik der haͤretiſchen Secten, fuͤr den

73 1734 1010 93 Pſychologen, ja fuͤr jeden Theologen, welcher unſere

75 1793 1002 90 kanoniſchen Evangelien mit den apokryphiſchen Fabeln

65 1847 1006 90 und widerſinnigen Fictionen vergleichen, und dadurch

68 1902 1003 92 die Ehrfurcht vor jenen kraft der Wirkung des Be⸗

71 1959 1002 92 trachtes befeſtigt und geſteigert ſehen wird. Uebrigens

67 2017 1000 90 findet ſich auch in den Apokryphen ſo manches Wort,

65 2074 998 89 welches Jeſu und ſeines Geiſtes vollkommen wuͤrdig iſt,

65 2130 1006 86 und allerdings aus muͤndlicher Tradition ſeiner Lehre

55 2183 1014 89 herruͤhren kann. Auch in dieſer Hinſicht iſt die Wich⸗
