1283 2357
216 95 62 44 74

219 170 1005 58 Leben und Schickſal auszeichnete, als allvaͤterliche Fuͤh⸗

214 227 1004 56 rung: er zeigt, ſo weit er in beſchraͤnkter Zeit kann,

222 282 998 59 nicht bloß, was dem irdiſchen und alltaͤglichen Beob⸗

219 339 1003 59 achter an dem Geſtorbenen erſcheinen mochte, ſondern

216 397 1004 58 wie es ſich nach der hoͤheren und richtigen Betrachtung

220 451 1002 60 wirklich verhaͤlt, wie der Geſtorbene mit beſonderen

224 508 990 62 Gaben des Geiſtes und Herzens begnadigt, wie er

214 563 1006 65 reichlich ausgeſtattet, weislich geleitet, wie er vor Ab⸗

213 621 1003 64 wegen bewahrt, wie er geſchuͤtzt und unterſtuͤtzt, ge⸗

218 675 1000 68 ſeegnet und gehoben, wie er, da er ſein Pfund nicht

216 734 998 65 vergrub, da er nicht auf das Fleiſch ſäete, in weiterem

214 791 1000 65 Kreiſe Groͤßeres zu leiſten gewuͤrdigt wurde von dem

220 846 996 68 Herrn des Himmels und der Erde, von dem Vater und

214 904 996 66 Erzieher der Geiſter. Alſo Ehre und Dank nicht bloß

216 963 994 63 dem Diener, ſondern auch und noch mehr deſſen Herrn,

218 1015 996 71 nicht bloß dem Begabten, ſondern vorzuͤglich dem Ge⸗

208 1072 1006 69 ber. Den rechten, religioͤſen und bibliſchen Maasſtab

214 1128 998 70 anlegend, verirrt ſich der Grabredner nicht auf Men⸗

222 1185 996 70 ſchen⸗Ueberſchaͤtzung und Menſchen⸗Vergoͤtterung, ſo

210 1244 1002 69 wenig, als auf Verachtung und Verdammung auch

216 1299 994 69 des Verachtetſten, der ſeinem Herrn ſteht und faͤllt,

220 1353 984 73 der goͤttlichen Geſchlechts iſt und bleibt, der, ſtets ge⸗

218 1409 996 74 ſucht und vielleicht einſt wieder gefunden, den ganzen

216 1466 999 75 Himmel noch erfreuen kann vor neun und neunzig

212 1520 994 79 Nichtverirrten. So ſonſt geſtimmt, und jetzt beſonders

222 1576 992 79 ſich ſtimmend, ſinkt er auch nicht zum Beifall⸗Haſchen

216 1632 1000 79 und Gunſt⸗Suchen, ſondern erhebt ſich und ſeine Zu⸗

215 1690 991 76 hoͤrer zu der Höhe, auf welcher nur Einer groß und

221 1753 947 67 herrlich iſt, und der, welchen der Eine geſandt hat.

298 1798 920 76 Allerdings mag es zuweilen auch eine gute Ge⸗

207 1854 1005 80 muͤthsſtimmung ſeyn, mit welcher ein Geſtorbener in

210 1911 996 79 der Grabrede gelobt, geprieſen und gefeiert wird. Der

214 1969 998 79 beſſere Menſch ſieht an Andern mehr Gutes als Boͤſes,

214 2023 992 83 und das Gute durch eine Art von Vergroͤßerungsglas.

214 2077 996 88 Noch viel mehr an Geſtorbenen, an welchen der To⸗

210 2135 996 88 desengel Flecken verwiſcht, und Tugenden verſchoͤnert.

212 2193 988 92 Dazu kommt die gerade den Beſſeren eigene Hinnei⸗
