<?xml version="1.0" encoding="UTF-8" standalone="yes"?>
<PcGts xmlns="http://schema.primaresearch.org/PAGE/gts/pagecontent/2013-07-15" xmlns:xsi="http://www.w3.org/2001/XMLSchema-instance" xsi:schemaLocation="http://schema.primaresearch.org/PAGE/gts/pagecontent/2013-07-15 http://schema.primaresearch.org/PAGE/gts/pagecontent/2013-07-15/pagecontent.xsd">
    <Metadata>
        <Creator>prov=University of Rostock/Institute of Mathematics/CITlab|PLANET AI GmbH/Gundram Leifert/gundram.leifert@planet-ai.de:name=Noscemus GM 3.0(htr_id=26395)::::v=2.6.7
prov=University of Rostock/Institute of Mathematics/CITlab|PLANET AI GmbH/Tobias Gruening/tobias.gruening@planet-ai.de:name=de.uros.citlab.module.baseline2polygon.B2PSeamMultiOriented:v=2.6.7
prov=University of Rostock/Institute of Mathematics/CITlab|PLANET AI GmbH/Tobias Gruening/tobias.gruening@planet-ai.de:name=/net_tf/LA73_249_0mod360.pb:de.uros.citlab.segmentation.CITlab_LA_ML:v=2.6.7
Transkribus</Creator>
        <Created>2020-11-20T17:15:11.399+01:00</Created>
        <LastChange>2021-04-30T16:48:23.133+02:00</LastChange>
        <TranskribusMetadata docId="542279" pageId="22797925" pageNr="28" tsid="57494936" status="GT" userId="68000" imgUrl="https://files.transkribus.eu/Get?id=ZGJRTOKZONWSNLJABCAAXBJB&amp;fileType=view" xmlUrl="https://files.transkribus.eu/Get?id=VUKBOLVMOPINXCCHFATEAPOR" imageId="17775117"/>
    </Metadata>
    <Page imageFilename="litrdsch_1875_0146.tif" imageWidth="2387" imageHeight="3353">
        <ReadingOrder>
            <OrderedGroup id="ro_1626328159924" caption="Regions reading order">
                <RegionRefIndexed index="0" regionRef="TextRegion_1614779523381_3556"/>
                <RegionRefIndexed index="1" regionRef="TextRegion_1614779562898_3574"/>
                <RegionRefIndexed index="2" regionRef="TextRegion_1614779570720_3579"/>
                <RegionRefIndexed index="3" regionRef="TextRegion_1614779570720_3578"/>
                <RegionRefIndexed index="4" regionRef="TextRegion_1614779547081_3567"/>
                <RegionRefIndexed index="5" regionRef="TextRegion_1614779628407_3591"/>
                <RegionRefIndexed index="6" regionRef="TextRegion_1614779628406_3590"/>
            </OrderedGroup>
        </ReadingOrder>
        <TextRegion orientation="0.0" id="TextRegion_1614779523381_3556" custom="readingOrder {index:0;}">
            <Coords points="224,156 2114,166 2112,385 224,371"/>
            <TextLine id="r1l2" custom="readingOrder {index:0;} textStyle {offset:0; length:24;fontSize:0.0; kerning:0; bold:true;}">
                <Coords points="300,357 389,358 479,358 569,358 665,359 749,357 838,355 926,356 1018,354 1108,352 1198,351 1287,349 1377,349 1467,349 1557,349 1647,351 1736,362 1826,356 1916,360 2006,364 2096,370 2079,335 2093,303 2018,218 1920,194 1829,141 1707,149 1601,141 1529,197 1457,208 1356,144 1231,147 1194,210 1136,192 1043,162 921,139 843,160 743,178 671,208 567,184 461,170 280,133"/>
                <Baseline points="300,347 389,348 479,348 569,348 659,348 749,347 838,345 928,345 1018,344 1108,342 1198,341 1287,339 1377,339 1467,339 1557,339 1647,341 1736,343 1826,346 1916,350 2006,354 2096,360"/>
                <TextEquiv>
                    <Unicode>Literariſsche Rundſchau.</Unicode>
                </TextEquiv>
            </TextLine>
            <TextEquiv>
                <Unicode>Literariſsche Rundſchau.</Unicode>
            </TextEquiv>
        </TextRegion>
        <TextRegion orientation="0.0" id="TextRegion_1614779562898_3574" custom="readingOrder {index:1;}">
            <Coords points="181,423 635,423 632,562 174,559"/>
            <TextLine id="r1l5" custom="readingOrder {index:0;}">
                <Coords points="240,475 265,477 291,477 317,477 343,475 369,475 394,474 420,472 446,472 472,471 498,472 498,442 472,441 446,442 420,442 394,444 369,445 343,445 317,447 291,447 265,447 240,445"/>
                <Baseline points="240,465 265,467 291,467 317,467 343,465 369,465 394,464 420,462 446,462 472,461 575,465"/>
                <TextEquiv>
                    <Unicode>Erſcheint 8mal p. Semeſter.</Unicode>
                </TextEquiv>
            </TextLine>
            <TextLine id="r1l7" custom="readingOrder {index:1;}">
                <Coords points="191,511 216,511 241,511 266,511 291,511 316,510 341,510 366,510 391,509 417,508 442,508 467,508 492,508 517,508 542,507 567,507 592,507 618,508 618,478 592,477 567,477 542,477 517,478 492,478 467,478 442,478 417,478 391,479 366,480 341,480 316,480 291,481 266,481 241,481 216,481 191,481"/>
                <Baseline points="191,501 216,501 241,501 266,501 291,501 316,500 341,500 366,500 391,499 417,498 442,498 467,498 492,498 517,498 542,497 567,497 592,497 618,498"/>
                <TextEquiv>
                    <Unicode>Der Abonnementspreis beträgt halb⸗</Unicode>
                </TextEquiv>
            </TextLine>
            <TextLine id="r1l10" custom="readingOrder {index:2;}">
                <Coords points="311,549 338,547 366,547 394,546 422,546 450,546 478,546 506,546 506,516 478,516 450,516 422,516 394,516 366,517 338,517 311,519"/>
                <Baseline points="311,539 338,537 366,537 394,536 422,536 450,536 478,536 506,536"/>
                <TextEquiv>
                    <Unicode>jährlich 3 Mark.</Unicode>
                </TextEquiv>
            </TextLine>
            <TextEquiv>
                <Unicode>Erſcheint 8mal p. Semeſter.
Der Abonnementspreis beträgt halb⸗
jährlich 3 Mark.</Unicode>
            </TextEquiv>
        </TextRegion>
        <TextRegion orientation="0.0" id="TextRegion_1614779570720_3579" custom="readingOrder {index:2;}">
            <Coords points="843,406 1512,413 1512,597 836,590"/>
            <TextLine id="r1l3" custom="readingOrder {index:0;} textStyle {offset:13; length:14;fontSize:0.0; kerning:0; bold:true;}">
                <Coords points="929,462 954,463 980,463 1005,465 1031,466 1056,466 1082,467 1108,468 1133,468 1159,468 1184,468 1210,468 1235,469 1261,469 1287,469 1312,469 1338,468 1363,468 1389,469 1415,469 1415,438 1389,438 1363,437 1338,437 1312,438 1287,438 1261,438 1235,438 1210,437 1184,437 1159,437 1133,437 1108,437 1082,436 1056,435 1031,435 1005,434 980,432 954,432 929,431"/>
                <Baseline points="929,452 954,453 980,453 1005,455 1031,456 1056,456 1082,457 1108,458 1133,458 1159,458 1184,458 1210,458 1235,459 1261,459 1287,459 1312,459 1338,458 1363,458 1389,459 1415,459"/>
                <TextEquiv>
                    <Unicode>Redigirt von Joſeph Köhler.</Unicode>
                </TextEquiv>
            </TextLine>
            <TextLine id="r1l8" custom="readingOrder {index:1;} textStyle {offset:11; length:12;fontSize:0.0; kerning:0; bold:true;}">
                <Coords points="852,516 883,517 915,519 946,519 978,520 1010,521 1041,522 1073,522 1105,522 1136,523 1168,523 1200,523 1231,523 1263,523 1295,523 1326,523 1358,523 1390,523 1421,523 1453,522 1485,522 1485,491 1453,491 1421,492 1390,492 1358,492 1326,492 1295,492 1263,492 1231,492 1200,492 1168,492 1136,492 1105,491 1073,491 1041,491 1010,490 978,489 946,488 915,488 883,486 852,485"/>
                <Baseline points="852,506 883,507 915,509 946,509 978,510 1010,511 1041,512 1073,512 1105,512 1136,513 1168,513 1200,513 1231,513 1263,513 1295,513 1326,513 1358,513 1390,513 1421,513 1453,512 1485,512"/>
                <TextEquiv>
                    <Unicode>Verlag von Rudolf Barth in Aachen.</Unicode>
                </TextEquiv>
            </TextLine>
            <TextLine id="r1l11" custom="readingOrder {index:2;} textStyle {offset:0; length:16;fontSize:0.0; kerning:0; bold:true;}">
                <Coords points="1002,576 1028,578 1055,580 1082,582 1109,583 1135,583 1162,584 1189,585 1216,583 1242,583 1269,583 1296,583 1323,583 1350,582 1350,551 1323,552 1296,552 1269,552 1242,552 1216,552 1189,554 1162,553 1135,552 1109,552 1082,551 1055,549 1028,547 1002,545"/>
                <Baseline points="1002,566 1028,568 1055,570 1082,572 1109,573 1135,573 1162,574 1189,575 1216,573 1242,573 1269,573 1296,573 1323,573 1350,572"/>
                <TextEquiv>
                    <Unicode>Erſter Jahrgang.</Unicode>
                </TextEquiv>
            </TextLine>
            <TextEquiv>
                <Unicode>Redigirt von Joſeph Köhler.
Verlag von Rudolf Barth in Aachen.
Erſter Jahrgang.</Unicode>
            </TextEquiv>
        </TextRegion>
        <TextRegion orientation="0.0" id="TextRegion_1614779570720_3578" custom="readingOrder {index:3;}">
            <Coords points="1714,420 2199,423 2195,562 1714,552"/>
            <TextLine id="r1l4" custom="readingOrder {index:0;}">
                <Coords points="1743,466 1769,468 1795,468 1821,469 1847,470 1873,471 1899,472 1925,472 1951,473 1977,474 2003,474 2029,474 2055,472 2081,471 2107,470 2133,468 2160,466 2160,436 2133,438 2107,440 2081,441 2055,442 2029,444 2003,444 1977,444 1951,443 1925,442 1899,442 1873,441 1847,440 1821,439 1795,438 1769,438 1743,436"/>
                <Baseline points="1743,456 1769,458 1795,458 1821,459 1847,460 1873,461 1899,462 1925,462 1951,463 1977,464 2003,464 2029,464 2055,462 2081,461 2107,460 2133,458 2160,456"/>
                <TextEquiv>
                    <Unicode>Inſerate werden mit 30 Pfennigen</Unicode>
                </TextEquiv>
            </TextLine>
            <TextLine id="r1l6" custom="readingOrder {index:1;}">
                <Coords points="1742,502 1767,504 1793,504 1819,505 1844,505 1870,507 1896,507 1921,507 1947,508 1973,508 1998,508 2024,508 2050,508 2075,508 2101,507 2127,507 2153,505 2153,475 2127,477 2101,477 2075,478 2050,478 2024,478 1998,478 1973,478 1947,478 1921,477 1896,477 1870,477 1844,475 1819,475 1793,474 1767,474 1742,472"/>
                <Baseline points="1742,492 1767,494 1793,494 1819,495 1844,495 1870,497 1896,497 1921,497 1947,498 1973,498 1998,498 2024,498 2050,498 2075,498 2101,497 2127,497 2153,495"/>
                <TextEquiv>
                    <Unicode>für die 2ſpaltige Petitzeile oder deren</Unicode>
                </TextEquiv>
            </TextLine>
            <TextLine id="r1l9" custom="readingOrder {index:2;}">
                <Coords points="1857,540 1883,541 1909,542 1935,543 1961,544 1987,546 2013,546 2040,546 2040,516 2013,516 1987,516 1961,514 1935,513 1909,512 1883,511 1857,510"/>
                <Baseline points="1857,530 1883,531 1909,532 1935,533 1961,534 1987,536 2013,536 2040,536"/>
                <TextEquiv>
                    <Unicode>Raum berechnet.</Unicode>
                </TextEquiv>
            </TextLine>
            <TextEquiv>
                <Unicode>Inſerate werden mit 30 Pfennigen
für die 2ſpaltige Petitzeile oder deren
Raum berechnet.</Unicode>
            </TextEquiv>
        </TextRegion>
        <TextRegion orientation="0.0" id="TextRegion_1614779547081_3567" custom="readingOrder {index:4;}">
            <Coords points="179,589 2199,589 2196,977 180,977"/>
            <TextLine id="line_1614779472888_3539" custom="readingOrder {index:0;} textStyle {offset:0; length:6;fontSize:0.0; kerning:0; bold:true;} textStyle {offset:33; length:5;fontSize:0.0; kerning:0; bold:true;}">
                <Coords points="191,644 932,630 2070,636 2163,639 2163,670 295,678 243,678 191,675"/>
                <Baseline points="191,665 217,666 243,668 269,668 295,668 321,666 932,651 957,653 982,653 1007,654 1032,654 1058,656 1083,656 1108,656 1133,656 1158,656 1184,656 1209,656 1234,657 1259,657 1284,657 1310,657 1335,657 1360,657 1385,659 1410,659 1436,660 2070,657 2101,659 2132,659 2163,660"/>
                <TextEquiv>
                    <Unicode>Nr. 8. Ausgegeben am 10. Auguſt. 1875.</Unicode>
                </TextEquiv>
            </TextLine>
            <TextLine id="line_1614779477083_3543" custom="readingOrder {index:1;} textStyle {offset:0; length:42;fontSize:0.0; kerning:0; bold:true;} textStyle {offset:86; length:25;fontSize:0.0; kerning:0; bold:true;}">
                <Coords points="195,717 258,715 384,712 511,709 764,706 954,705 2157,705 2157,735 195,747"/>
                <Baseline points="195,737 258,735 321,734 384,732 448,731 511,729 574,729 638,728 701,728 764,726 828,726 891,726 954,725 1017,725 1081,725 1144,726 1207,726 1271,726 1334,727 1397,728 1461,729 1484,726 1517,726 1551,725 1584,725 1618,725 1652,725 1685,725 1719,725 1753,725 1786,725 1820,725 1854,725 1887,725 1921,725 1955,725 1988,725 2022,725 2056,725 2089,725 2123,725 2157,725"/>
                <TextEquiv>
                    <Unicode>Inhalt: Ueberſichten und Charakteriſtiken. Die Literatur der chriſtlichen Baukunſt. — Recenſionen und Referate. Zſchokke, das</Unicode>
                </TextEquiv>
            </TextLine>
            <TextLine id="r1l17" custom="readingOrder {index:2;}">
                <Coords points="306,780 398,778 491,777 584,775 677,774 770,774 862,772 955,772 1048,772 1141,772 1234,772 1326,772 1419,772 1512,772 1605,772 1698,771 1790,771 1883,771 1976,771 2069,769 2162,768 2162,738 2069,739 1976,741 1883,741 1790,741 1698,741 1605,742 1512,742 1419,742 1326,742 1234,742 1141,742 1048,742 955,742 862,742 770,744 677,744 584,745 491,747 398,748 306,750"/>
                <Baseline points="306,770 398,768 491,767 584,765 677,764 770,764 862,762 955,762 1048,762 1141,762 1234,762 1326,762 1419,762 1512,762 1605,762 1698,761 1790,761 1883,761 1976,761 2069,759 2162,758"/>
                <TextEquiv>
                    <Unicode>Buch Job. v. Hertling, Grenzen der mechaniſchen Naturerklärung. Altum, Forſtzoologie. Arneth, Marie⸗Antoinette. Geffcken,</Unicode>
                </TextEquiv>
            </TextLine>
            <TextLine id="line_1614780158631_3665" custom="readingOrder {index:3;} textStyle {offset:67; length:12;fontSize:0.0; kerning:0; bold:true;} textStyle {offset:82; length:25;fontSize:0.0; kerning:0; bold:true;}">
                <Coords points="300,786 390,784 571,781 662,780 933,778 2133,773 2148,774 2148,805 1839,810 300,816"/>
                <Baseline points="300,806 390,804 481,803 571,801 662,800 752,800 843,800 933,798 1024,798 1114,800 1205,800 1296,800 1386,800 1477,800 1567,800 1658,800 1748,800 1839,800 1929,798 2020,797 2111,795 2133,794 2169,795"/>
                <TextEquiv>
                    <Unicode>Staat und Kirche. Newman, letter addresed to de duke of Norfolk. — Nachrichten. — Redactions⸗Mittheilungen. —</Unicode>
                </TextEquiv>
            </TextLine>
            <TextLine id="r1l20" custom="readingOrder {index:4;} textStyle {offset:0; length:12;fontSize:0.0; kerning:0; bold:true;} textStyle {offset:15; length:9;fontSize:0.0; kerning:0; bold:true;}">
                <Coords points="300,850 325,852 350,852 375,853 400,853 425,853 450,852 475,852 501,851 526,850 551,849 576,849 601,848 626,847 651,846 677,846 677,816 651,816 626,817 601,818 576,819 551,819 526,820 501,821 475,822 450,822 425,823 400,823 375,823 350,822 325,822 300,820"/>
                <Baseline points="300,840 325,842 350,842 375,843 400,843 425,843 450,842 475,842 501,841 526,840 551,839 576,839 601,838 626,837 651,836 677,836"/>
                <TextEquiv>
                    <Unicode>Büchertiſch. — Inſerate.</Unicode>
                </TextEquiv>
            </TextLine>
            <TextLine id="line_1614779739643_3606" custom="readingOrder {index:5;}">
                <Coords points="750,902 1622,903 1608,972 1430,975 1354,976 1011,973 909,972 756,969"/>
                <Baseline points="756,959 781,959 807,960 832,960 858,960 883,961 909,962 934,962 960,962 985,962 1011,963 1036,963 1062,963 1087,963 1113,963 1138,963 1164,962 1227,962 1252,963 1277,965 1303,965 1328,965 1354,966 1379,965 1404,965 1430,965 1455,964 1481,963 1506,963 1531,963 1557,962 1582,962 1608,962"/>
                <TextEquiv>
                    <Unicode>Ueberſichten und Charakteriſtiken.</Unicode>
                </TextEquiv>
            </TextLine>
            <TextEquiv>
                <Unicode>Nr. 8. Ausgegeben am 10. Auguſt. 1875.
Inhalt: Ueberſichten und Charakteriſtiken. Die Literatur der chriſtlichen Baukunſt. — Recenſionen und Referate. Zſchokke, das
Buch Job. v. Hertling, Grenzen der mechaniſchen Naturerklärung. Altum, Forſtzoologie. Arneth, Marie⸗Antoinette. Geffcken,
Staat und Kirche. Newman, letter addresed to de duke of Norfolk. — Nachrichten. — Redactions⸗Mittheilungen. —
Büchertiſch. — Inſerate.
Ueberſichten und Charakteriſtiken.</Unicode>
            </TextEquiv>
        </TextRegion>
        <TextRegion orientation="0.0" id="TextRegion_1614779628407_3591" custom="readingOrder {index:5;}">
            <Coords points="180,977 1184,977 1184,3168 189,3168"/>
            <TextLine id="r1l24" custom="readingOrder {index:0;} textStyle {offset:0; length:40;fontSize:0.0; kerning:0; bold:true;}">
                <Coords points="297,1059 333,1060 370,1061 407,1062 443,1062 480,1062 517,1062 553,1062 590,1060 627,1060 664,1060 700,1060 737,1060 774,1060 810,1060 847,1060 884,1060 920,1061 957,1062 994,1063 1031,1065 1031,1034 994,1032 957,1031 920,1030 884,1029 847,1029 810,1029 774,1029 737,1029 700,1029 664,1029 627,1029 590,1029 553,1031 517,1031 480,1031 443,1031 407,1031 370,1030 333,1029 297,1028"/>
                <Baseline points="297,1049 333,1050 370,1051 407,1052 443,1052 480,1052 517,1052 553,1052 590,1050 627,1050 664,1050 700,1050 737,1050 774,1050 810,1050 847,1050 884,1050 920,1051 957,1052 994,1053 1031,1055"/>
                <TextEquiv>
                    <Unicode>Die Literatur der chriſtlichen Baukunſt.</Unicode>
                </TextEquiv>
            </TextLine>
            <TextLine id="r1l26" custom="readingOrder {index:1;}">
                <Coords points="299,1123 341,1123 383,1123 425,1122 467,1122 509,1122 551,1122 593,1122 635,1120 677,1120 719,1120 761,1120 803,1120 845,1122 887,1122 929,1122 971,1122 1013,1123 1055,1125 1097,1125 1150,1115 1149,1095 1097,1094 1055,1094 1013,1092 971,1091 929,1091 887,1091 845,1091 803,1089 761,1089 719,1089 677,1089 635,1089 593,1091 551,1091 509,1091 467,1091 425,1091 383,1092 341,1092 299,1092"/>
                <Baseline points="299,1113 341,1113 383,1113 425,1112 467,1112 509,1112 551,1112 593,1112 635,1110 677,1110 719,1110 761,1110 803,1110 845,1112 887,1112 929,1112 971,1112 1013,1113 1055,1115 1097,1115 1139,1116"/>
                <TextEquiv>
                    <Unicode>Die erſten Anfänge unſerer heute nicht unbedeuten⸗</Unicode>
                </TextEquiv>
            </TextLine>
            <TextLine id="r1l28" custom="readingOrder {index:2;}">
                <Coords points="189,1168 236,1168 284,1168 332,1168 380,1168 428,1168 476,1168 523,1167 571,1167 619,1167 667,1167 715,1167 763,1167 811,1167 858,1167 906,1167 954,1167 1002,1168 1050,1168 1098,1170 1146,1171 1146,1140 1098,1139 1050,1137 1002,1137 954,1136 906,1136 858,1136 811,1136 763,1136 715,1136 667,1136 619,1136 571,1136 523,1136 476,1137 428,1137 380,1137 332,1137 284,1137 236,1137 189,1137"/>
                <Baseline points="189,1158 236,1158 284,1158 332,1158 380,1158 428,1158 476,1158 523,1157 571,1157 619,1157 667,1157 715,1157 763,1157 811,1157 858,1157 906,1157 954,1157 1002,1158 1050,1158 1098,1160 1146,1161"/>
                <TextEquiv>
                    <Unicode>den Literatur über chriſtliche Kunſt, insbeſondere kirch⸗</Unicode>
                </TextEquiv>
            </TextLine>
            <TextLine id="r1l30" custom="readingOrder {index:3;}">
                <Coords points="195,1215 242,1215 290,1215 337,1215 385,1213 432,1213 480,1213 527,1213 575,1212 622,1212 670,1212 718,1212 765,1212 813,1212 860,1212 908,1213 955,1213 1003,1213 1050,1215 1098,1216 1146,1216 1146,1185 1098,1185 1050,1184 1003,1182 955,1182 908,1182 860,1181 813,1181 765,1181 718,1181 670,1181 622,1181 575,1181 527,1182 480,1182 432,1182 385,1182 337,1184 290,1184 242,1184 195,1184"/>
                <Baseline points="195,1205 242,1205 290,1205 337,1205 385,1203 432,1203 480,1203 527,1203 575,1202 622,1202 670,1202 718,1202 765,1202 813,1202 860,1202 908,1203 955,1203 1003,1203 1050,1205 1098,1206 1146,1206"/>
                <TextEquiv>
                    <Unicode>liche Baukunſt, führen uns zurück auf ein herrliches Bild</Unicode>
                </TextEquiv>
            </TextLine>
            <TextLine id="r1l32" custom="readingOrder {index:4;}">
                <Coords points="201,1261 250,1261 299,1260 349,1258 398,1258 448,1257 497,1257 546,1257 596,1257 645,1257 695,1257 744,1257 794,1257 843,1257 892,1258 942,1258 991,1259 1041,1260 1090,1261 1140,1261 1140,1230 1090,1230 1041,1229 991,1228 942,1227 892,1227 843,1226 794,1226 744,1226 695,1226 645,1226 596,1226 546,1226 497,1226 448,1226 398,1227 349,1227 299,1229 250,1230 201,1230"/>
                <Baseline points="201,1251 250,1251 299,1250 349,1248 398,1248 448,1247 497,1247 546,1247 596,1247 645,1247 695,1247 744,1247 794,1247 843,1247 892,1248 942,1248 991,1249 1041,1250 1090,1251 1140,1251"/>
                <TextEquiv>
                    <Unicode>gediegenen Schaffens und unermüdlichen Sammelns zweier</Unicode>
                </TextEquiv>
            </TextLine>
            <TextLine id="r1l34" custom="readingOrder {index:5;}">
                <Coords points="197,1305 244,1305 291,1303 338,1303 386,1303 433,1303 480,1302 527,1302 575,1302 622,1302 669,1302 716,1302 764,1302 811,1302 858,1302 905,1303 953,1303 1000,1303 1047,1305 1094,1305 1142,1306 1142,1275 1094,1274 1047,1274 1000,1272 953,1272 905,1272 858,1271 811,1271 764,1271 716,1271 669,1271 622,1271 575,1271 527,1271 480,1271 433,1272 386,1272 338,1272 291,1272 244,1274 197,1274"/>
                <Baseline points="197,1295 244,1295 291,1293 338,1293 386,1293 433,1293 480,1292 527,1292 575,1292 622,1292 669,1292 716,1292 764,1292 811,1292 858,1292 905,1293 953,1293 1000,1293 1047,1295 1094,1295 1142,1296"/>
                <TextEquiv>
                    <Unicode>Brüder, die ermuntert und gehoben von einer kleinen An⸗</Unicode>
                </TextEquiv>
            </TextLine>
            <TextLine id="r1l36" custom="readingOrder {index:6;}">
                <Coords points="203,1348 250,1348 297,1348 344,1348 391,1348 438,1348 485,1348 532,1347 579,1347 626,1347 673,1347 720,1348 767,1348 814,1348 861,1348 908,1348 955,1350 1002,1350 1049,1350 1096,1351 1143,1351 1143,1320 1096,1320 1049,1319 1002,1319 955,1319 908,1317 861,1317 814,1317 767,1317 720,1317 673,1316 626,1316 579,1316 532,1316 485,1317 438,1317 391,1317 344,1317 297,1317 250,1317 203,1317"/>
                <Baseline points="203,1338 250,1338 297,1338 344,1338 391,1338 438,1338 485,1338 532,1337 579,1337 626,1337 673,1337 720,1338 767,1338 814,1338 861,1338 908,1338 955,1340 1002,1340 1049,1340 1096,1341 1143,1341"/>
                <TextEquiv>
                    <Unicode>zahl gleichgeſinnter Freunde, bewundernswürdige Werke</Unicode>
                </TextEquiv>
            </TextLine>
            <TextLine id="r1l38" custom="readingOrder {index:7;}">
                <Coords points="200,1392 247,1392 294,1392 342,1392 389,1392 437,1392 484,1392 532,1392 579,1392 627,1393 674,1393 721,1393 769,1393 816,1393 864,1395 911,1395 959,1395 1006,1395 1054,1395 1101,1396 1149,1396 1149,1365 1101,1365 1054,1364 1006,1364 959,1364 911,1364 864,1364 816,1362 769,1362 721,1362 674,1362 627,1362 579,1361 532,1361 484,1361 437,1361 389,1361 342,1361 294,1361 247,1361 200,1361"/>
                <Baseline points="200,1382 247,1382 294,1382 342,1382 389,1382 437,1382 484,1382 532,1382 579,1382 627,1383 674,1383 721,1383 769,1383 816,1383 864,1385 911,1385 959,1385 1006,1385 1054,1385 1101,1386 1149,1386"/>
                <TextEquiv>
                    <Unicode>zu Stande brachten, deren ſchönſte Frucht, in den Fluten</Unicode>
                </TextEquiv>
            </TextLine>
            <TextLine id="r1l40" custom="readingOrder {index:8;}">
                <Coords points="194,1435 241,1437 288,1437 335,1437 383,1437 430,1437 477,1437 524,1437 572,1438 619,1438 666,1438 713,1438 761,1438 808,1438 855,1438 902,1440 950,1440 997,1440 1044,1440 1091,1441 1139,1441 1139,1410 1091,1410 1044,1409 997,1409 950,1409 902,1409 855,1407 808,1407 761,1407 713,1407 666,1407 619,1407 572,1407 524,1406 477,1406 430,1406 383,1406 335,1406 288,1406 241,1406 194,1404"/>
                <Baseline points="194,1425 241,1427 288,1427 335,1427 383,1427 430,1427 477,1427 524,1427 572,1428 619,1428 666,1428 713,1428 761,1428 808,1428 855,1428 902,1430 950,1430 997,1430 1044,1430 1091,1431 1139,1431"/>
                <TextEquiv>
                    <Unicode>des Rheines ſich ſpiegelnd, den kommenden Jahrhunderten</Unicode>
                </TextEquiv>
            </TextLine>
            <TextLine id="r1l42" custom="readingOrder {index:9;}">
                <Coords points="197,1480 244,1480 291,1480 338,1482 386,1482 433,1482 480,1482 527,1482 575,1483 622,1483 669,1483 716,1483 764,1485 811,1485 858,1485 905,1485 953,1485 1000,1485 1047,1486 1094,1486 1142,1486 1142,1455 1094,1455 1047,1455 1000,1454 953,1454 905,1454 858,1454 811,1454 764,1454 716,1452 669,1452 622,1452 575,1452 527,1451 480,1451 433,1451 386,1451 338,1451 291,1449 244,1449 197,1449"/>
                <Baseline points="197,1470 244,1470 291,1470 338,1472 386,1472 433,1472 480,1472 527,1472 575,1473 622,1473 669,1473 716,1473 764,1475 811,1475 858,1475 905,1475 953,1475 1000,1475 1047,1476 1094,1476 1142,1476"/>
                <TextEquiv>
                    <Unicode>bezeugen wird, was deutſcher Kunſtfleiß vermag, wenn</Unicode>
                </TextEquiv>
            </TextLine>
            <TextLine id="r1l44" custom="readingOrder {index:10;}">
                <Coords points="194,1527 241,1527 288,1527 335,1527 383,1527 430,1527 477,1527 524,1527 572,1528 619,1528 666,1528 713,1529 761,1530 808,1530 855,1530 902,1530 950,1530 997,1530 1044,1530 1091,1528 1139,1528 1139,1498 1091,1498 1044,1500 997,1500 950,1500 902,1500 855,1500 808,1500 761,1500 713,1499 666,1498 619,1498 572,1498 524,1497 477,1497 430,1497 383,1497 335,1497 288,1497 241,1497 194,1497"/>
                <Baseline points="194,1517 241,1517 288,1517 335,1517 383,1517 430,1517 477,1517 524,1517 572,1518 619,1518 666,1518 713,1519 761,1520 808,1520 855,1520 902,1520 950,1520 997,1520 1044,1520 1091,1518 1139,1518"/>
                <TextEquiv>
                    <Unicode>ein Mal die Flamme der Begeiſterung im Herzen des</Unicode>
                </TextEquiv>
            </TextLine>
            <TextLine id="r1l46" custom="readingOrder {index:11;}">
                <Coords points="200,1569 247,1569 294,1569 341,1569 388,1569 435,1569 482,1569 529,1570 576,1570 623,1570 670,1570 717,1570 764,1570 811,1570 858,1570 905,1570 952,1570 999,1570 1046,1570 1093,1570 1140,1569 1140,1539 1093,1540 1046,1540 999,1540 952,1540 905,1540 858,1540 811,1540 764,1540 717,1540 670,1540 623,1540 576,1540 529,1540 482,1539 435,1539 388,1539 341,1539 294,1539 247,1539 200,1539"/>
                <Baseline points="200,1559 247,1559 294,1559 341,1559 388,1559 435,1559 482,1559 529,1560 576,1560 623,1560 670,1560 717,1560 764,1560 811,1560 858,1560 905,1560 952,1560 999,1560 1046,1560 1093,1560 1140,1559"/>
                <TextEquiv>
                    <Unicode>Volkes angefacht iſt. Der Beginn unſeres Jahrhunderts</Unicode>
                </TextEquiv>
            </TextLine>
            <TextLine id="r1l48" custom="readingOrder {index:12;}">
                <Coords points="203,1611 250,1611 297,1611 344,1611 391,1611 438,1611 485,1611 532,1611 579,1611 626,1612 673,1612 720,1612 767,1612 814,1612 861,1612 908,1612 955,1612 1002,1612 1049,1612 1096,1612 1143,1612 1143,1582 1096,1582 1049,1582 1002,1582 955,1582 908,1582 861,1582 814,1582 767,1582 720,1582 673,1582 626,1582 579,1581 532,1581 485,1581 438,1581 391,1581 344,1581 297,1581 250,1581 203,1581"/>
                <Baseline points="203,1601 250,1601 297,1601 344,1601 391,1601 438,1601 485,1601 532,1601 579,1601 626,1602 673,1602 720,1602 767,1602 814,1602 861,1602 908,1602 955,1602 1002,1602 1049,1602 1096,1602 1143,1602"/>
                <TextEquiv>
                    <Unicode>fand die beiden heranwachſenden Jünglinge, Sulpiz und</Unicode>
                </TextEquiv>
            </TextLine>
            <TextLine id="r1l50" custom="readingOrder {index:13;}">
                <Coords points="198,1653 245,1651 292,1651 339,1651 386,1650 433,1650 480,1650 527,1650 574,1650 621,1650 669,1650 716,1651 763,1651 810,1651 857,1651 904,1651 951,1651 998,1651 1045,1651 1092,1651 1140,1651 1140,1621 1092,1621 1045,1621 998,1621 951,1621 904,1621 857,1621 810,1621 763,1621 716,1621 669,1620 621,1620 574,1620 527,1620 480,1620 433,1620 386,1620 339,1621 292,1621 245,1621 198,1623"/>
                <Baseline points="198,1643 245,1641 292,1641 339,1641 386,1640 433,1640 480,1640 527,1640 574,1640 621,1640 669,1640 716,1641 763,1641 810,1641 857,1641 904,1641 951,1641 998,1641 1045,1641 1092,1641 1140,1641"/>
                <TextEquiv>
                    <Unicode>Melchior Boiſſerée meiſt auf längeren Reiſen in Frank⸗</Unicode>
                </TextEquiv>
            </TextLine>
            <TextLine id="r1l52" custom="readingOrder {index:14;}">
                <Coords points="204,1695 251,1693 298,1692 345,1692 392,1690 439,1690 486,1690 533,1690 580,1690 627,1690 675,1690 722,1692 769,1692 816,1692 863,1692 910,1693 957,1693 1004,1693 1051,1693 1098,1693 1146,1693 1146,1663 1098,1663 1051,1663 1004,1663 957,1663 910,1663 863,1662 816,1662 769,1662 722,1662 675,1660 627,1660 580,1660 533,1660 486,1660 439,1660 392,1660 345,1662 298,1662 251,1663 204,1665"/>
                <Baseline points="204,1685 251,1683 298,1682 345,1682 392,1680 439,1680 486,1680 533,1680 580,1680 627,1680 675,1680 722,1682 769,1682 816,1682 863,1682 910,1683 957,1683 1004,1683 1051,1683 1098,1683 1146,1683"/>
                <TextEquiv>
                    <Unicode>reich, Belgien und am Rhein eifrig mit dem Studium</Unicode>
                </TextEquiv>
            </TextLine>
            <TextLine id="r1l54" custom="readingOrder {index:15;}">
                <Coords points="195,1741 242,1740 290,1738 337,1737 385,1735 432,1735 480,1735 527,1735 575,1735 622,1736 670,1737 717,1737 765,1737 812,1738 860,1738 907,1738 955,1738 1002,1738 1050,1738 1097,1738 1145,1737 1145,1706 1097,1707 1050,1707 1002,1707 955,1707 907,1707 860,1707 812,1707 765,1706 717,1706 670,1706 622,1705 575,1704 527,1704 480,1704 432,1704 385,1704 337,1706 290,1707 242,1709 195,1710"/>
                <Baseline points="195,1731 242,1730 290,1728 337,1727 385,1725 432,1725 480,1725 527,1725 575,1725 622,1726 670,1727 717,1727 765,1727 812,1728 860,1728 907,1728 955,1728 1002,1728 1050,1728 1097,1728 1145,1727"/>
                <TextEquiv>
                    <Unicode>mittelalterlicher Kunſt beſchäftigt. Angeregt durch die Be⸗</Unicode>
                </TextEquiv>
            </TextLine>
            <TextLine id="r1l56" custom="readingOrder {index:16;}">
                <Coords points="200,1788 246,1786 293,1785 340,1783 387,1783 434,1782 481,1782 527,1782 574,1782 621,1783 668,1783 715,1783 762,1785 809,1785 855,1785 902,1786 949,1786 996,1786 1043,1786 1090,1786 1137,1785 1137,1754 1090,1755 1043,1755 996,1755 949,1755 902,1755 855,1754 809,1754 762,1754 715,1752 668,1752 621,1752 574,1751 527,1751 481,1751 434,1751 387,1752 340,1752 293,1754 246,1755 200,1757"/>
                <Baseline points="200,1778 246,1776 293,1775 340,1773 387,1773 434,1772 481,1772 527,1772 574,1772 621,1773 668,1773 715,1773 762,1775 809,1775 855,1775 902,1776 949,1776 996,1776 1043,1776 1090,1776 1137,1775"/>
                <TextEquiv>
                    <Unicode>trachtung ſo vieler prachtvoller Monumente, die damals</Unicode>
                </TextEquiv>
            </TextLine>
            <TextLine id="r1l58" custom="readingOrder {index:17;}">
                <Coords points="209,1833 255,1830 302,1829 349,1828 395,1827 442,1827 489,1827 535,1827 582,1827 629,1828 676,1828 722,1830 769,1830 816,1831 862,1831 909,1832 956,1833 1002,1833 1049,1833 1096,1833 1143,1833 1143,1802 1096,1802 1049,1802 1002,1802 956,1802 909,1801 862,1800 816,1800 769,1799 722,1799 676,1797 629,1797 582,1796 535,1796 489,1796 442,1796 395,1796 349,1797 302,1798 255,1799 209,1802"/>
                <Baseline points="209,1823 255,1820 302,1819 349,1818 395,1817 442,1817 489,1817 535,1817 582,1817 629,1818 676,1818 722,1820 769,1820 816,1821 862,1821 909,1822 956,1823 1002,1823 1049,1823 1096,1823 1143,1823"/>
                <TextEquiv>
                    <Unicode>noch in weit größerer Zahl vorhanden waren, als heute,</Unicode>
                </TextEquiv>
            </TextLine>
            <TextLine id="r1l60" custom="readingOrder {index:18;}">
                <Coords points="207,1878 253,1875 300,1873 346,1872 393,1872 440,1870 486,1870 533,1870 580,1870 626,1871 673,1872 720,1872 766,1873 813,1873 860,1875 906,1875 953,1876 1000,1876 1046,1876 1093,1876 1140,1876 1140,1845 1093,1845 1046,1845 1000,1845 953,1845 906,1844 860,1844 813,1842 766,1842 720,1841 673,1841 626,1840 580,1839 533,1839 486,1839 440,1839 393,1841 346,1841 300,1842 253,1844 207,1847"/>
                <Baseline points="207,1868 253,1865 300,1863 346,1862 393,1862 440,1860 486,1860 533,1860 580,1860 626,1861 673,1862 720,1862 766,1863 813,1863 860,1865 906,1865 953,1866 1000,1866 1046,1866 1093,1866 1140,1866"/>
                <TextEquiv>
                    <Unicode>unterzog ſich Sulpiz, der ältere der beiden Brüder, ſeit</Unicode>
                </TextEquiv>
            </TextLine>
            <TextLine id="r1l62" custom="readingOrder {index:19;}">
                <Coords points="210,1923 259,1920 308,1918 358,1915 407,1915 457,1914 506,1914 555,1915 605,1915 654,1917 704,1917 753,1918 803,1920 852,1921 901,1921 951,1921 1000,1923 1050,1921 1099,1921 1149,1920 1149,1889 1099,1890 1050,1890 1000,1892 951,1890 901,1890 852,1890 803,1889 753,1887 704,1886 654,1886 605,1884 555,1884 506,1883 457,1883 407,1884 358,1884 308,1887 259,1889 210,1892"/>
                <Baseline points="210,1913 259,1910 308,1908 358,1905 407,1905 457,1904 506,1904 555,1905 605,1905 654,1907 704,1907 753,1908 803,1910 852,1911 901,1911 951,1911 1000,1913 1050,1911 1099,1911 1149,1910"/>
                <TextEquiv>
                    <Unicode>1808 einer höchſt ſchwierigen Aufgabe. Mit ſtaunener⸗</Unicode>
                </TextEquiv>
            </TextLine>
            <TextLine id="r1l64" custom="readingOrder {index:20;}">
                <Coords points="207,1971 253,1967 300,1965 346,1962 393,1960 440,1960 486,1960 533,1959 580,1960 626,1960 673,1962 720,1962 766,1963 813,1963 860,1965 906,1966 953,1966 1000,1966 1046,1966 1093,1966 1140,1965 1140,1934 1093,1935 1046,1935 1000,1935 953,1935 906,1935 860,1934 813,1932 766,1932 720,1931 673,1931 626,1929 580,1929 533,1928 486,1929 440,1929 393,1929 346,1931 300,1934 253,1936 207,1940"/>
                <Baseline points="207,1961 253,1957 300,1955 346,1952 393,1950 440,1950 486,1950 533,1949 580,1950 626,1950 673,1952 720,1952 766,1953 813,1953 860,1955 906,1956 953,1956 1000,1956 1046,1956 1093,1956 1140,1955"/>
                <TextEquiv>
                    <Unicode>regendem Fleiß begann er eine äußerſt gewiſſenhafte Auf⸗</Unicode>
                </TextEquiv>
            </TextLine>
            <TextLine id="r1l66" custom="readingOrder {index:21;}">
                <Coords points="204,2017 250,2013 297,2009 344,2007 391,2005 438,2004 484,2004 531,2004 578,2004 625,2005 672,2005 718,2007 765,2008 812,2010 859,2011 906,2011 952,2013 999,2013 1046,2013 1093,2012 1140,2011 1140,1980 1093,1981 1046,1982 999,1982 952,1982 906,1980 859,1980 812,1979 765,1977 718,1976 672,1974 625,1974 578,1973 531,1973 484,1973 438,1973 391,1974 344,1976 297,1978 250,1982 204,1986"/>
                <Baseline points="204,2007 250,2003 297,1999 344,1997 391,1995 438,1994 484,1994 531,1994 578,1994 625,1995 672,1995 718,1997 765,1998 812,2000 859,2001 906,2001 952,2003 999,2003 1046,2003 1093,2002 1140,2001"/>
                <TextEquiv>
                    <Unicode>nahme des Kölner Domes in jenen Tagen, in welchen unſere</Unicode>
                </TextEquiv>
            </TextLine>
            <TextLine id="r1l68" custom="readingOrder {index:22;}">
                <Coords points="203,2059 249,2057 296,2053 343,2052 390,2050 437,2049 483,2049 530,2049 577,2050 624,2050 671,2052 717,2052 764,2053 811,2055 858,2056 905,2056 951,2058 998,2058 1045,2058 1092,2058 1139,2056 1139,2025 1092,2027 1045,2027 998,2027 951,2027 905,2025 858,2025 811,2024 764,2022 717,2021 671,2021 624,2019 577,2019 530,2018 483,2018 437,2018 390,2019 343,2021 296,2022 249,2026 203,2028"/>
                <Baseline points="203,2049 249,2047 296,2043 343,2042 390,2040 437,2039 483,2039 530,2039 577,2040 624,2040 671,2042 717,2042 764,2043 811,2045 858,2046 905,2046 951,2048 998,2048 1045,2048 1092,2048 1139,2046"/>
                <TextEquiv>
                    <Unicode>Nation den tiefſten Demüthigungen entgegen ging; eine</Unicode>
                </TextEquiv>
            </TextLine>
            <TextLine id="r1l70" custom="readingOrder {index:23;}">
                <Coords points="201,2106 250,2103 299,2099 349,2097 398,2095 448,2095 497,2095 546,2095 596,2095 645,2095 695,2097 744,2098 794,2098 843,2100 892,2101 942,2101 991,2101 1041,2101 1090,2101 1140,2101 1140,2070 1090,2070 1041,2070 991,2070 942,2070 892,2070 843,2069 794,2067 744,2067 695,2066 645,2064 596,2064 546,2064 497,2064 448,2064 398,2064 349,2066 299,2068 250,2072 201,2075"/>
                <Baseline points="201,2096 250,2093 299,2089 349,2087 398,2085 448,2085 497,2085 546,2085 596,2085 645,2085 695,2087 744,2088 794,2088 843,2090 892,2091 942,2091 991,2091 1041,2091 1090,2091 1140,2091"/>
                <TextEquiv>
                    <Unicode>Arbeit, die berufen war, zu zeigen, welcher Kraftentfaltung</Unicode>
                </TextEquiv>
            </TextLine>
            <TextLine id="r1l72" custom="readingOrder {index:24;}">
                <Coords points="204,2151 251,2148 298,2145 345,2143 393,2142 440,2140 487,2140 534,2139 582,2139 629,2140 676,2140 723,2142 771,2142 818,2143 865,2143 912,2145 960,2145 1007,2146 1054,2146 1101,2146 1149,2146 1149,2115 1101,2115 1054,2115 1007,2115 960,2114 912,2114 865,2112 818,2112 771,2111 723,2111 676,2109 629,2109 582,2108 534,2108 487,2109 440,2109 393,2111 345,2112 298,2114 251,2117 204,2120"/>
                <Baseline points="204,2141 251,2138 298,2135 345,2133 393,2132 440,2130 487,2130 534,2129 582,2129 629,2130 676,2130 723,2132 771,2132 818,2133 865,2133 912,2135 960,2135 1007,2136 1054,2136 1101,2136 1149,2136"/>
                <TextEquiv>
                    <Unicode>der Freiheitsſinn deutſcher Bürger ſich fähig hielt, als das</Unicode>
                </TextEquiv>
            </TextLine>
            <TextLine id="r1l74" custom="readingOrder {index:25;}">
                <Coords points="210,2199 256,2194 302,2191 349,2188 395,2187 441,2185 488,2184 534,2184 580,2184 627,2184 673,2184 719,2185 766,2185 812,2187 858,2187 905,2188 951,2189 997,2190 1044,2190 1090,2190 1137,2190 1137,2159 1090,2159 1044,2159 997,2159 951,2158 905,2157 858,2156 812,2156 766,2154 719,2154 673,2153 627,2153 580,2153 534,2153 488,2153 441,2154 395,2156 349,2157 302,2160 256,2163 210,2168"/>
                <Baseline points="210,2189 256,2184 302,2181 349,2178 395,2177 441,2175 488,2174 534,2174 580,2174 627,2174 673,2174 719,2175 766,2175 812,2177 858,2177 905,2178 951,2179 997,2180 1044,2180 1090,2180 1137,2180"/>
                <TextEquiv>
                    <Unicode>h. römiſche Reich deutſcher Nation noch mächtig blühte.</Unicode>
                </TextEquiv>
            </TextLine>
            <TextLine id="r1l76" custom="readingOrder {index:26;}">
                <Coords points="201,2242 248,2239 296,2236 344,2235 391,2233 439,2232 487,2230 534,2230 582,2230 630,2230 678,2230 725,2230 773,2230 821,2232 868,2232 916,2233 964,2233 1011,2235 1059,2235 1107,2236 1155,2236 1155,2205 1107,2205 1059,2204 1011,2204 964,2202 916,2202 868,2201 821,2201 773,2199 725,2199 678,2199 630,2199 582,2199 534,2199 487,2199 439,2201 391,2202 344,2204 296,2205 248,2208 201,2211"/>
                <Baseline points="201,2232 248,2229 296,2226 344,2225 391,2223 439,2222 487,2220 534,2220 582,2220 630,2220 678,2220 725,2220 773,2220 821,2222 868,2222 916,2223 964,2223 1011,2225 1059,2225 1107,2226 1155,2226"/>
                <TextEquiv>
                    <Unicode>Sulpiz erforſchte an den zur Ausführung gelangten Theilen</Unicode>
                </TextEquiv>
            </TextLine>
            <TextLine id="r1l78" custom="readingOrder {index:27;}">
                <Coords points="210,2289 259,2285 308,2282 358,2280 407,2278 457,2277 506,2276 555,2275 605,2275 654,2275 704,2275 753,2275 803,2277 852,2277 901,2278 951,2278 1000,2278 1050,2278 1099,2280 1149,2280 1149,2249 1099,2249 1050,2247 1000,2247 951,2247 901,2247 852,2246 803,2246 753,2244 704,2244 654,2244 605,2244 555,2244 506,2245 457,2246 407,2247 358,2249 308,2251 259,2254 210,2258"/>
                <Baseline points="210,2279 259,2275 308,2272 358,2270 407,2268 457,2267 506,2266 555,2265 605,2265 654,2265 704,2265 753,2265 803,2267 852,2267 901,2268 951,2268 1000,2268 1050,2268 1099,2270 1149,2270"/>
                <TextEquiv>
                    <Unicode>des Domes des Zirkels Maß und Gerechtigkeit, aber gleich⸗</Unicode>
                </TextEquiv>
            </TextLine>
            <TextLine id="r1l80" custom="readingOrder {index:28;}">
                <Coords points="201,2335 248,2332 295,2329 342,2326 389,2325 436,2322 483,2322 530,2320 577,2320 624,2319 672,2319 719,2320 766,2320 813,2320 860,2321 907,2322 954,2322 1001,2323 1048,2323 1095,2325 1143,2325 1143,2294 1095,2294 1048,2292 1001,2292 954,2291 907,2291 860,2290 813,2289 766,2289 719,2289 672,2288 624,2288 577,2289 530,2289 483,2291 436,2291 389,2294 342,2295 295,2298 248,2301 201,2304"/>
                <Baseline points="201,2325 248,2322 295,2319 342,2316 389,2315 436,2312 483,2312 530,2310 577,2310 624,2309 672,2309 719,2310 766,2310 813,2310 860,2311 907,2312 954,2312 1001,2313 1048,2313 1095,2315 1143,2315"/>
                <TextEquiv>
                    <Unicode>zeitig geſtaltete ſich vor ſeiner Seele aus dem ruinenhaften</Unicode>
                </TextEquiv>
            </TextLine>
            <TextLine id="r1l82" custom="readingOrder {index:29;}">
                <Coords points="204,2379 251,2376 298,2374 346,2371 393,2369 441,2367 488,2367 535,2365 583,2365 630,2364 678,2364 725,2364 772,2365 820,2365 867,2365 915,2366 962,2367 1009,2367 1057,2368 1104,2368 1152,2368 1152,2337 1104,2337 1057,2337 1009,2336 962,2336 915,2335 867,2334 820,2334 772,2334 725,2333 678,2333 630,2333 583,2334 535,2334 488,2336 441,2336 393,2338 346,2340 298,2343 251,2345 204,2348"/>
                <Baseline points="204,2369 251,2366 298,2364 346,2361 393,2359 441,2357 488,2357 535,2355 583,2355 630,2354 678,2354 725,2354 772,2355 820,2355 867,2355 915,2356 962,2357 1009,2357 1057,2358 1104,2358 1152,2358"/>
                <TextEquiv>
                    <Unicode>Zuſtand des Monumentes heraus das Bild der Vollen⸗</Unicode>
                </TextEquiv>
            </TextLine>
            <TextLine id="r1l84" custom="readingOrder {index:30;}">
                <Coords points="207,2422 254,2419 301,2418 348,2416 395,2415 442,2413 489,2412 536,2412 583,2411 630,2410 678,2410 725,2410 772,2410 819,2410 866,2410 913,2410 960,2412 1007,2412 1054,2413 1101,2414 1149,2416 1149,2385 1101,2383 1054,2382 1007,2381 960,2381 913,2379 866,2379 819,2379 772,2379 725,2379 678,2379 630,2379 583,2380 536,2381 489,2381 442,2382 395,2384 348,2385 301,2387 254,2388 207,2391"/>
                <Baseline points="207,2412 254,2409 301,2408 348,2406 395,2405 442,2403 489,2402 536,2402 583,2401 630,2400 678,2400 725,2400 772,2400 819,2400 866,2400 913,2400 960,2402 1007,2402 1054,2403 1101,2404 1149,2406"/>
                <TextEquiv>
                    <Unicode>dung ſeiner vaterſtädtiſchen Cathedrale, ein Bild, das an</Unicode>
                </TextEquiv>
            </TextLine>
            <TextLine id="r1l86" custom="readingOrder {index:31;}">
                <Coords points="216,2469 262,2466 309,2464 356,2461 403,2460 450,2458 496,2457 543,2457 590,2455 637,2455 684,2454 730,2454 777,2454 824,2454 871,2455 918,2455 964,2455 1011,2457 1058,2457 1105,2458 1152,2458 1152,2427 1105,2427 1058,2426 1011,2426 964,2424 918,2424 871,2424 824,2423 777,2423 730,2423 684,2423 637,2424 590,2424 543,2426 496,2426 450,2427 403,2429 356,2430 309,2433 262,2435 216,2438"/>
                <Baseline points="216,2459 262,2456 309,2454 356,2451 403,2450 450,2448 496,2447 543,2447 590,2445 637,2445 684,2444 730,2444 777,2444 824,2444 871,2445 918,2445 964,2445 1011,2447 1058,2447 1105,2448 1152,2448"/>
                <TextEquiv>
                    <Unicode>Beſtimmtheit und Klarheit mehr und mehr gewann, bis es</Unicode>
                </TextEquiv>
            </TextLine>
            <TextLine id="r1l88" custom="readingOrder {index:32;}">
                <Coords points="201,2514 248,2511 296,2509 344,2507 391,2505 439,2504 487,2502 534,2502 582,2500 630,2500 678,2500 725,2500 773,2500 821,2500 868,2500 916,2500 964,2502 1011,2502 1059,2502 1107,2503 1155,2503 1155,2472 1107,2472 1059,2471 1011,2471 964,2471 916,2469 868,2469 821,2469 773,2469 725,2469 678,2469 630,2469 582,2469 534,2471 487,2471 439,2473 391,2474 344,2476 296,2478 248,2480 201,2483"/>
                <Baseline points="201,2504 248,2501 296,2499 344,2497 391,2495 439,2494 487,2492 534,2492 582,2490 630,2490 678,2490 725,2490 773,2490 821,2490 868,2490 916,2490 964,2492 1011,2492 1059,2492 1107,2493 1155,2493"/>
                <TextEquiv>
                    <Unicode>endlich den Grad der Vollkommenheit erlangt, der dasſelbe</Unicode>
                </TextEquiv>
            </TextLine>
            <TextLine id="r1l90" custom="readingOrder {index:33;}">
                <Coords points="204,2556 251,2555 298,2553 345,2551 392,2551 439,2549 486,2548 533,2547 580,2545 627,2545 675,2545 722,2544 769,2544 816,2544 863,2544 910,2544 957,2545 1004,2545 1051,2547 1098,2548 1146,2550 1146,2519 1098,2517 1051,2516 1004,2514 957,2514 910,2513 863,2513 816,2513 769,2513 722,2513 675,2514 627,2514 580,2514 533,2516 486,2517 439,2518 392,2520 345,2520 298,2522 251,2524 204,2525"/>
                <Baseline points="204,2546 251,2545 298,2543 345,2541 392,2541 439,2539 486,2538 533,2537 580,2535 627,2535 675,2535 722,2534 769,2534 816,2534 863,2534 910,2534 957,2535 1004,2535 1051,2537 1098,2538 1146,2540"/>
                <TextEquiv>
                    <Unicode>auch dem beſcheidenen Sinn des Boiſſerée würdig erſchei⸗</Unicode>
                </TextEquiv>
            </TextLine>
            <TextLine id="r1l92" custom="readingOrder {index:34;}">
                <Coords points="201,2602 248,2601 295,2600 342,2599 390,2597 437,2596 484,2595 531,2593 579,2592 626,2592 673,2590 720,2589 768,2589 815,2589 862,2589 909,2589 957,2589 1004,2590 1051,2592 1098,2593 1146,2595 1146,2564 1098,2562 1051,2561 1004,2559 957,2558 909,2558 862,2558 815,2558 768,2558 720,2558 673,2559 626,2561 579,2561 531,2562 484,2564 437,2565 390,2566 342,2568 295,2569 248,2570 201,2571"/>
                <Baseline points="201,2592 248,2591 295,2590 342,2589 390,2587 437,2586 484,2585 531,2583 579,2582 626,2582 673,2580 720,2579 768,2579 815,2579 862,2579 909,2579 957,2579 1004,2580 1051,2582 1098,2583 1146,2585"/>
                <TextEquiv>
                    <Unicode>nen ließ, vor den Augen der ganzen Nation entfaltet zu</Unicode>
                </TextEquiv>
            </TextLine>
            <TextLine id="r1l94" custom="readingOrder {index:35;}">
                <Coords points="207,2647 254,2646 301,2644 348,2644 395,2641 442,2641 489,2640 536,2638 583,2637 630,2635 678,2635 725,2634 772,2634 819,2634 866,2634 913,2634 960,2634 1007,2635 1054,2637 1101,2638 1149,2640 1149,2609 1101,2607 1054,2606 1007,2604 960,2603 913,2603 866,2603 819,2603 772,2603 725,2603 678,2604 630,2604 583,2606 536,2607 489,2609 442,2610 395,2610 348,2613 301,2613 254,2615 207,2616"/>
                <Baseline points="207,2637 254,2636 301,2634 348,2634 395,2631 442,2631 489,2630 536,2628 583,2627 630,2625 678,2625 725,2624 772,2624 819,2624 866,2624 913,2624 960,2624 1007,2625 1054,2627 1101,2628 1149,2630"/>
                <TextEquiv>
                    <Unicode>werden. Sechszehn Jahre angeſtrengter Arbeit waren er⸗</Unicode>
                </TextEquiv>
            </TextLine>
            <TextLine id="r1l96" custom="readingOrder {index:36;}">
                <Coords points="225,2694 271,2692 317,2691 363,2689 409,2688 455,2686 501,2685 547,2683 593,2683 639,2682 685,2680 731,2680 777,2679 823,2679 869,2679 915,2679 961,2680 1007,2680 1053,2682 1099,2682 1146,2683 1146,2652 1099,2651 1053,2651 1007,2649 961,2649 915,2648 869,2648 823,2648 777,2648 731,2649 685,2649 639,2651 593,2652 547,2652 501,2654 455,2655 409,2657 363,2658 317,2660 271,2661 225,2663"/>
                <Baseline points="200,2684 271,2682 317,2681 363,2679 409,2678 455,2676 501,2675 547,2673 593,2673 639,2672 685,2670 731,2670 777,2669 823,2669 869,2669 915,2669 961,2670 1007,2670 1053,2672 1099,2672 1146,2673"/>
                <TextEquiv>
                    <Unicode>forderlich, um die erſten Lieferungen des in ſeiner Art ein⸗</Unicode>
                </TextEquiv>
            </TextLine>
            <TextLine id="r1l98" custom="readingOrder {index:37;}">
                <Coords points="212,2739 258,2737 305,2736 352,2734 398,2733 445,2731 492,2730 538,2728 585,2727 632,2726 679,2725 725,2725 772,2724 819,2724 865,2724 912,2724 959,2724 1005,2724 1052,2725 1099,2727 1146,2728 1146,2697 1099,2696 1052,2694 1005,2693 959,2693 912,2693 865,2693 819,2693 772,2693 725,2694 679,2694 632,2695 585,2696 538,2697 492,2699 445,2700 398,2702 352,2703 305,2705 258,2706 212,2708"/>
                <Baseline points="212,2729 258,2727 305,2726 352,2724 398,2723 445,2721 492,2720 538,2718 585,2717 632,2716 679,2715 725,2715 772,2714 819,2714 865,2714 912,2714 959,2714 1005,2714 1052,2715 1099,2717 1146,2718"/>
                <TextEquiv>
                    <Unicode>zigen Werkes veröffentlichen, zu können, und weitere ſieben</Unicode>
                </TextEquiv>
            </TextLine>
            <TextLine id="r1l100" custom="readingOrder {index:38;}">
                <Coords points="207,2782 254,2782 301,2781 349,2780 396,2779 444,2778 491,2776 538,2775 586,2773 633,2772 681,2770 728,2769 775,2769 823,2767 870,2767 918,2767 965,2767 1012,2767 1060,2769 1107,2770 1155,2773 1155,2742 1107,2739 1060,2738 1012,2736 965,2736 918,2736 870,2736 823,2736 775,2738 728,2738 681,2739 633,2741 586,2742 538,2744 491,2745 444,2747 396,2748 349,2749 301,2750 254,2751 207,2751"/>
                <Baseline points="207,2772 254,2772 301,2771 349,2770 396,2769 444,2768 491,2766 538,2765 586,2763 633,2762 681,2760 728,2759 775,2759 823,2757 870,2757 918,2757 965,2757 1012,2757 1060,2759 1107,2760 1155,2763"/>
                <TextEquiv>
                    <Unicode>Jahre förderten das Unternehmen *) zum Schluß; dafür</Unicode>
                </TextEquiv>
            </TextLine>
            <TextLine id="r1l102" custom="readingOrder {index:39;}">
                <Coords points="210,2826 256,2826 303,2826 349,2826 396,2825 443,2824 489,2823 536,2821 583,2820 629,2818 676,2817 723,2815 769,2814 816,2813 863,2812 909,2812 956,2812 1003,2812 1049,2814 1096,2815 1143,2818 1143,2787 1096,2784 1049,2783 1003,2781 956,2781 909,2781 863,2781 816,2782 769,2783 723,2784 676,2786 629,2787 583,2789 536,2790 489,2792 443,2793 396,2794 349,2795 303,2795 256,2795 210,2795"/>
                <Baseline points="210,2816 256,2816 303,2816 349,2816 396,2815 443,2814 489,2813 536,2811 583,2810 629,2808 676,2807 723,2805 769,2804 816,2803 863,2802 909,2802 956,2802 1003,2802 1049,2804 1096,2805 1143,2808"/>
                <TextEquiv>
                    <Unicode>hatte aber Sulpiz die Freude erlebt, daß man beim Er⸗</Unicode>
                </TextEquiv>
            </TextLine>
            <TextLine id="r1l104" custom="readingOrder {index:40;}">
                <Coords points="222,2872 268,2872 315,2872 362,2871 409,2871 456,2869 502,2868 549,2866 596,2865 643,2863 690,2861 736,2860 783,2859 830,2857 877,2856 924,2856 970,2856 1017,2857 1064,2859 1111,2861 1158,2863 1158,2833 1111,2831 1064,2829 1017,2827 970,2826 924,2826 877,2826 830,2827 783,2829 736,2830 690,2831 643,2833 596,2835 549,2836 502,2838 456,2839 409,2841 362,2841 315,2842 268,2842 222,2842"/>
                <Baseline points="222,2862 268,2862 315,2862 362,2861 409,2861 456,2859 502,2858 549,2856 596,2855 643,2853 690,2851 736,2850 783,2849 830,2847 877,2846 924,2846 970,2846 1017,2847 1064,2849 1111,2851 1158,2853"/>
                <TextEquiv>
                    <Unicode>ſcheinen der erſten Hefte im Jahre 1824 die Arbeiten in</Unicode>
                </TextEquiv>
            </TextLine>
            <TextLine id="r1l106" custom="readingOrder {index:41;}">
                <Coords points="213,2913 259,2916 306,2917 352,2917 399,2917 446,2916 492,2916 539,2913 586,2913 632,2910 679,2908 726,2906 772,2905 819,2902 866,2901 912,2901 959,2901 1006,2901 1052,2902 1099,2905 1146,2908 1146,2878 1099,2875 1052,2872 1006,2871 959,2871 912,2871 866,2871 819,2872 772,2875 726,2876 679,2878 632,2880 586,2883 539,2883 492,2886 446,2886 399,2887 352,2887 306,2887 259,2886 213,2883"/>
                <Baseline points="213,2903 259,2906 306,2907 352,2907 399,2907 446,2906 492,2906 539,2903 586,2903 632,2900 679,2898 726,2896 772,2895 819,2892 866,2891 912,2891 959,2891 1006,2891 1052,2892 1099,2895 1146,2898"/>
                <TextEquiv>
                    <Unicode>Angriff nahm, welche erforderlich waren, um das, was der</Unicode>
                </TextEquiv>
            </TextLine>
            <TextLine id="r1l108" custom="readingOrder {index:42;}">
                <Coords points="206,2964 253,2964 300,2964 348,2964 395,2962 443,2962 490,2961 538,2959 585,2956 633,2955 680,2953 727,2952 775,2950 822,2949 870,2947 917,2947 965,2946 1012,2946 1060,2947 1107,2949 1155,2950 1155,2919 1107,2918 1060,2916 1012,2915 965,2915 917,2916 870,2916 822,2918 775,2919 727,2921 680,2922 633,2924 585,2925 538,2928 490,2930 443,2931 395,2931 348,2933 300,2933 253,2933 206,2933"/>
                <Baseline points="206,2954 253,2954 300,2954 348,2954 395,2952 443,2952 490,2951 538,2949 585,2946 633,2945 680,2943 727,2942 775,2940 822,2939 870,2937 917,2937 965,2936 1012,2936 1060,2937 1107,2939 1155,2940"/>
                <TextEquiv>
                    <Unicode>Zahn der Zeit am äußern Chor zerſtört hatte, wiederher⸗</Unicode>
                </TextEquiv>
            </TextLine>
            <TextLine id="r1l110" custom="readingOrder {index:43;}">
                <Coords points="209,3006 256,3007 303,3008 350,3009 397,3009 444,3009 491,3007 538,3006 585,3004 632,3004 679,3001 726,3000 773,2998 820,2997 867,2995 914,2994 961,2994 1008,2994 1055,2994 1102,2994 1149,2997 1149,2966 1102,2963 1055,2963 1008,2963 961,2963 914,2963 867,2964 820,2966 773,2967 726,2969 679,2970 632,2973 585,2973 538,2975 491,2976 444,2978 397,2978 350,2978 303,2977 256,2976 209,2975"/>
                <Baseline points="209,2996 256,2997 303,2998 350,2999 397,2999 444,2999 491,2997 538,2996 585,2994 632,2994 679,2991 726,2990 773,2988 820,2987 867,2985 914,2984 961,2984 1008,2984 1055,2984 1102,2984 1149,2987"/>
                <TextEquiv>
                    <Unicode>zuſtellen. Wenn man bedenkt, daß jene Zeit nicht im</Unicode>
                </TextEquiv>
            </TextLine>
            <TextLine id="r1l113" custom="readingOrder {index:44;}">
                <Coords points="321,3087 362,3090 403,3092 445,3094 486,3094 528,3094 569,3093 610,3091 652,3090 693,3088 735,3086 776,3084 817,3082 859,3080 900,3078 942,3078 983,3076 1024,3077 1066,3078 1107,3079 1149,3082 1149,3052 1107,3049 1066,3048 1024,3047 983,3046 942,3048 900,3048 859,3050 817,3052 776,3054 735,3056 693,3058 652,3060 610,3061 569,3063 528,3064 486,3064 445,3064 403,3062 362,3060 321,3057"/>
                <Baseline points="321,3077 362,3080 403,3082 445,3084 486,3084 528,3084 569,3083 610,3081 652,3080 693,3078 735,3076 776,3074 817,3072 859,3070 900,3068 942,3068 983,3066 1024,3067 1066,3068 1107,3069 1149,3072"/>
                <TextEquiv>
                    <Unicode>*) Boiſſerée, Sulp., Anſichten, Riſſe und einzelne Theile</Unicode>
                </TextEquiv>
            </TextLine>
            <TextLine id="r1l115" custom="readingOrder {index:45;}">
                <Coords points="200,3121 247,3124 294,3127 342,3129 389,3130 437,3130 484,3130 532,3129 579,3127 627,3126 674,3124 721,3123 769,3121 816,3120 864,3118 911,3116 959,3115 1006,3115 1054,3114 1101,3115 1149,3117 1149,3087 1101,3085 1054,3084 1006,3085 959,3085 911,3086 864,3088 816,3090 769,3091 721,3093 674,3094 627,3096 579,3097 532,3099 484,3100 437,3100 389,3100 342,3099 294,3097 247,3094 200,3091"/>
                <Baseline points="200,3111 247,3114 294,3117 342,3119 389,3120 437,3120 484,3120 532,3119 579,3117 627,3116 674,3114 721,3113 769,3111 816,3110 864,3108 911,3106 959,3105 1006,3105 1054,3104 1101,3105 1149,3107"/>
                <TextEquiv>
                    <Unicode>des Doms zu Köln mit Ergänzungen uach den Entwurfe des</Unicode>
                </TextEquiv>
            </TextLine>
            <TextLine id="r1l117" custom="readingOrder {index:46;}">
                <Coords points="206,3160 233,3162 260,3164 287,3165 314,3166 342,3166 369,3168 396,3168 423,3168 450,3168 478,3166 505,3166 532,3166 559,3165 586,3165 614,3163 641,3163 668,3162 695,3160 722,3160 750,3159 750,3129 722,3130 695,3130 668,3132 641,3133 614,3133 586,3135 559,3135 532,3136 505,3136 478,3136 450,3138 423,3138 396,3138 369,3138 342,3136 314,3136 287,3135 260,3134 233,3132 206,3130"/>
                <Baseline points="206,3150 233,3152 260,3154 287,3155 314,3156 342,3156 369,3158 396,3158 423,3158 450,3158 478,3156 505,3156 532,3156 559,3155 586,3155 614,3153 641,3153 668,3152 695,3150 722,3150 750,3149"/>
                <TextEquiv>
                    <Unicode>Meiſters. 4 Lfgn. Stuttg. 1824—31.</Unicode>
                </TextEquiv>
            </TextLine>
            <TextEquiv>
                <Unicode>Die Literatur der chriſtlichen Baukunſt.
Die erſten Anfänge unſerer heute nicht unbedeuten⸗
den Literatur über chriſtliche Kunſt, insbeſondere kirch⸗
liche Baukunſt, führen uns zurück auf ein herrliches Bild
gediegenen Schaffens und unermüdlichen Sammelns zweier
Brüder, die ermuntert und gehoben von einer kleinen An⸗
zahl gleichgeſinnter Freunde, bewundernswürdige Werke
zu Stande brachten, deren ſchönſte Frucht, in den Fluten
des Rheines ſich ſpiegelnd, den kommenden Jahrhunderten
bezeugen wird, was deutſcher Kunſtfleiß vermag, wenn
ein Mal die Flamme der Begeiſterung im Herzen des
Volkes angefacht iſt. Der Beginn unſeres Jahrhunderts
fand die beiden heranwachſenden Jünglinge, Sulpiz und
Melchior Boiſſerée meiſt auf längeren Reiſen in Frank⸗
reich, Belgien und am Rhein eifrig mit dem Studium
mittelalterlicher Kunſt beſchäftigt. Angeregt durch die Be⸗
trachtung ſo vieler prachtvoller Monumente, die damals
noch in weit größerer Zahl vorhanden waren, als heute,
unterzog ſich Sulpiz, der ältere der beiden Brüder, ſeit
1808 einer höchſt ſchwierigen Aufgabe. Mit ſtaunener⸗
regendem Fleiß begann er eine äußerſt gewiſſenhafte Auf⸗
nahme des Kölner Domes in jenen Tagen, in welchen unſere
Nation den tiefſten Demüthigungen entgegen ging; eine
Arbeit, die berufen war, zu zeigen, welcher Kraftentfaltung
der Freiheitsſinn deutſcher Bürger ſich fähig hielt, als das
h. römiſche Reich deutſcher Nation noch mächtig blühte.
Sulpiz erforſchte an den zur Ausführung gelangten Theilen
des Domes des Zirkels Maß und Gerechtigkeit, aber gleich⸗
zeitig geſtaltete ſich vor ſeiner Seele aus dem ruinenhaften
Zuſtand des Monumentes heraus das Bild der Vollen⸗
dung ſeiner vaterſtädtiſchen Cathedrale, ein Bild, das an
Beſtimmtheit und Klarheit mehr und mehr gewann, bis es
endlich den Grad der Vollkommenheit erlangt, der dasſelbe
auch dem beſcheidenen Sinn des Boiſſerée würdig erſchei⸗
nen ließ, vor den Augen der ganzen Nation entfaltet zu
werden. Sechszehn Jahre angeſtrengter Arbeit waren er⸗
forderlich, um die erſten Lieferungen des in ſeiner Art ein⸗
zigen Werkes veröffentlichen, zu können, und weitere ſieben
Jahre förderten das Unternehmen *) zum Schluß; dafür
hatte aber Sulpiz die Freude erlebt, daß man beim Er⸗
ſcheinen der erſten Hefte im Jahre 1824 die Arbeiten in
Angriff nahm, welche erforderlich waren, um das, was der
Zahn der Zeit am äußern Chor zerſtört hatte, wiederher⸗
zuſtellen. Wenn man bedenkt, daß jene Zeit nicht im
*) Boiſſerée, Sulp., Anſichten, Riſſe und einzelne Theile
des Doms zu Köln mit Ergänzungen uach den Entwurfe des
Meiſters. 4 Lfgn. Stuttg. 1824—31.</Unicode>
            </TextEquiv>
        </TextRegion>
        <TextRegion orientation="0.0" id="TextRegion_1614779628406_3590" custom="readingOrder {index:6;}">
            <Coords points="1184,977 2196,977 2183,3168 1184,3168"/>
            <TextLine id="r1l23" custom="readingOrder {index:0;}">
                <Coords points="1233,1054 1279,1053 1325,1053 1372,1051 1418,1051 1465,1051 1511,1051 1558,1050 1604,1050 1651,1050 1697,1050 1743,1050 1790,1050 1836,1050 1883,1050 1929,1050 1976,1050 2022,1050 2069,1050 2115,1050 2162,1048 2162,1017 2115,1019 2069,1019 2022,1019 1976,1019 1929,1019 1883,1019 1836,1019 1790,1019 1743,1019 1697,1019 1651,1019 1604,1019 1558,1019 1511,1020 1465,1020 1418,1020 1372,1020 1325,1022 1279,1022 1233,1023"/>
                <Baseline points="1233,1044 1279,1043 1325,1043 1372,1041 1418,1041 1465,1041 1511,1041 1558,1040 1604,1040 1651,1040 1697,1040 1743,1040 1790,1040 1836,1040 1883,1040 1929,1040 1976,1040 2022,1040 2069,1040 2115,1040 2162,1038"/>
                <TextEquiv>
                    <Unicode>Stande war, die nöthigſten Hülfsmittel zur Ausſtattung</Unicode>
                </TextEquiv>
            </TextLine>
            <TextLine id="r1l25" custom="readingOrder {index:1;}">
                <Coords points="1217,1095 1264,1096 1311,1096 1358,1096 1405,1098 1452,1098 1499,1098 1546,1098 1593,1096 1640,1096 1688,1096 1735,1096 1782,1096 1829,1095 1876,1095 1923,1095 1970,1095 2017,1095 2064,1095 2111,1095 2159,1096 2159,1065 2111,1064 2064,1064 2017,1064 1970,1064 1923,1064 1876,1064 1829,1064 1782,1065 1735,1065 1688,1065 1640,1065 1593,1065 1546,1067 1499,1067 1452,1067 1405,1067 1358,1065 1311,1065 1264,1065 1217,1064"/>
                <Baseline points="1217,1085 1264,1086 1311,1086 1358,1086 1405,1088 1452,1088 1499,1088 1546,1088 1593,1086 1640,1086 1688,1086 1735,1086 1782,1086 1829,1085 1876,1085 1923,1085 1970,1085 2017,1085 2064,1085 2111,1085 2159,1086"/>
                <TextEquiv>
                    <Unicode>eines ſo großartig angelegten Werkes zu bieten, daß</Unicode>
                </TextEquiv>
            </TextLine>
            <TextLine id="r1l27" custom="readingOrder {index:2;}">
                <Coords points="1215,1143 1262,1143 1310,1143 1358,1143 1406,1143 1454,1143 1501,1141 1549,1141 1597,1141 1645,1141 1693,1141 1740,1141 1788,1140 1836,1140 1884,1140 1932,1140 1979,1140 2027,1140 2075,1140 2123,1140 2171,1140 2171,1109 2123,1109 2075,1109 2027,1109 1979,1109 1932,1109 1884,1109 1836,1109 1788,1109 1740,1110 1693,1110 1645,1110 1597,1110 1549,1110 1501,1110 1454,1112 1406,1112 1358,1112 1310,1112 1262,1112 1215,1112"/>
                <Baseline points="1215,1133 1262,1133 1310,1133 1358,1133 1406,1133 1454,1133 1501,1131 1549,1131 1597,1131 1645,1131 1693,1131 1740,1131 1788,1130 1836,1130 1884,1130 1932,1130 1979,1130 2027,1130 2075,1130 2123,1130 2171,1130"/>
                <TextEquiv>
                    <Unicode>Boiſſerée nirgendwo gebildete und tüchtig geſchulte Künſt⸗</Unicode>
                </TextEquiv>
            </TextLine>
            <TextLine id="r1l29" custom="readingOrder {index:3;}">
                <Coords points="1220,1188 1267,1188 1315,1188 1362,1186 1410,1186 1457,1186 1505,1186 1552,1186 1600,1186 1647,1186 1695,1186 1743,1186 1790,1186 1838,1186 1885,1186 1933,1186 1980,1186 2028,1186 2075,1186 2123,1186 2171,1186 2171,1155 2123,1155 2075,1155 2028,1155 1980,1155 1933,1155 1885,1155 1838,1155 1790,1155 1743,1155 1695,1155 1647,1155 1600,1155 1552,1155 1505,1155 1457,1155 1410,1155 1362,1155 1315,1157 1267,1157 1220,1157"/>
                <Baseline points="1220,1178 1267,1178 1315,1178 1362,1176 1410,1176 1457,1176 1505,1176 1552,1176 1600,1176 1647,1176 1695,1176 1743,1176 1790,1176 1838,1176 1885,1176 1933,1176 1980,1176 2028,1176 2075,1176 2123,1176 2171,1176"/>
                <TextEquiv>
                    <Unicode>ler zur Ausführung der Platten zu finden vermochte, wenn</Unicode>
                </TextEquiv>
            </TextLine>
            <TextLine id="r1l31" custom="readingOrder {index:4;}">
                <Coords points="1215,1233 1262,1233 1310,1233 1358,1233 1405,1233 1453,1233 1501,1233 1548,1233 1596,1233 1644,1233 1692,1233 1739,1233 1787,1233 1835,1231 1882,1231 1930,1231 1978,1231 2025,1231 2073,1231 2121,1231 2169,1231 2169,1200 2121,1200 2073,1200 2025,1200 1978,1200 1930,1200 1882,1200 1835,1200 1787,1202 1739,1202 1692,1202 1644,1202 1596,1202 1548,1202 1501,1202 1453,1202 1405,1202 1358,1202 1310,1202 1262,1202 1215,1202"/>
                <Baseline points="1215,1223 1262,1223 1310,1223 1358,1223 1405,1223 1453,1223 1501,1223 1548,1223 1596,1223 1644,1223 1692,1223 1739,1223 1787,1223 1835,1221 1882,1221 1930,1221 1978,1221 2025,1221 2073,1221 2121,1221 2169,1221"/>
                <TextEquiv>
                    <Unicode>man erwägt, daß die Zeitgenoſſen faſt gar keinen Sinn</Unicode>
                </TextEquiv>
            </TextLine>
            <TextLine id="r1l33" custom="readingOrder {index:5;}">
                <Coords points="1238,1278 1284,1278 1330,1276 1376,1276 1422,1276 1468,1276 1514,1276 1560,1276 1606,1276 1652,1276 1699,1276 1745,1276 1791,1276 1837,1276 1883,1277 1929,1278 1975,1278 2021,1278 2067,1278 2113,1278 2160,1278 2160,1247 2113,1247 2067,1247 2021,1247 1975,1247 1929,1247 1883,1246 1837,1245 1791,1245 1745,1245 1699,1245 1652,1245 1606,1245 1560,1245 1514,1245 1468,1245 1422,1245 1376,1245 1330,1245 1284,1247 1238,1247"/>
                <Baseline points="1238,1268 1284,1268 1330,1266 1376,1266 1422,1266 1468,1266 1514,1266 1560,1266 1606,1266 1652,1266 1699,1266 1745,1266 1791,1266 1837,1266 1883,1267 1929,1268 1975,1268 2021,1268 2067,1268 2113,1268 2160,1268"/>
                <TextEquiv>
                    <Unicode>ür das Beſtreben Boiſſerée’s hatten, dann darf man füg⸗</Unicode>
                </TextEquiv>
            </TextLine>
            <TextLine id="r1l35" custom="readingOrder {index:6;}">
                <Coords points="1220,1323 1267,1323 1315,1323 1362,1323 1410,1323 1457,1323 1505,1323 1552,1323 1600,1323 1647,1323 1695,1323 1743,1323 1790,1323 1838,1323 1885,1323 1933,1323 1980,1323 2028,1323 2075,1323 2123,1323 2171,1321 2171,1290 2123,1292 2075,1292 2028,1292 1980,1292 1933,1292 1885,1292 1838,1292 1790,1292 1743,1292 1695,1292 1647,1292 1600,1292 1552,1292 1505,1292 1457,1292 1410,1292 1362,1292 1315,1292 1267,1292 1220,1292"/>
                <Baseline points="1220,1313 1267,1313 1315,1313 1362,1313 1410,1313 1457,1313 1505,1313 1552,1313 1600,1313 1647,1313 1695,1313 1743,1313 1790,1313 1838,1313 1885,1313 1933,1313 1980,1313 2028,1313 2075,1313 2123,1313 2171,1311"/>
                <TextEquiv>
                    <Unicode>lich ſtaunen über den Schaffensmuth jenes Mannes. Aber</Unicode>
                </TextEquiv>
            </TextLine>
            <TextLine id="r1l37" custom="readingOrder {index:7;}">
                <Coords points="1232,1366 1279,1368 1326,1368 1373,1368 1420,1368 1467,1368 1514,1368 1561,1368 1608,1368 1655,1369 1703,1369 1750,1369 1797,1368 1844,1368 1891,1368 1938,1368 1985,1368 2032,1368 2079,1368 2126,1368 2174,1366 2174,1335 2126,1337 2079,1337 2032,1337 1985,1337 1938,1337 1891,1337 1844,1337 1797,1337 1750,1338 1703,1338 1655,1338 1608,1337 1561,1337 1514,1337 1467,1337 1420,1337 1373,1337 1326,1337 1279,1337 1232,1335"/>
                <Baseline points="1232,1356 1279,1358 1326,1358 1373,1358 1420,1358 1467,1358 1514,1358 1561,1358 1608,1358 1655,1359 1703,1359 1750,1359 1797,1358 1844,1358 1891,1358 1938,1358 1985,1358 2032,1358 2079,1358 2126,1358 2174,1356"/>
                <TextEquiv>
                    <Unicode>wo finden wir auch ein Werk der Kunſtliteratur, das ſo</Unicode>
                </TextEquiv>
            </TextLine>
            <TextLine id="r1l39" custom="readingOrder {index:8;}">
                <Coords points="1223,1413 1270,1413 1317,1413 1365,1413 1412,1413 1460,1413 1507,1413 1555,1413 1602,1413 1650,1413 1697,1414 1744,1414 1792,1414 1839,1414 1887,1414 1934,1414 1982,1413 2029,1413 2077,1413 2124,1411 2172,1411 2172,1380 2124,1380 2077,1382 2029,1382 1982,1382 1934,1383 1887,1383 1839,1383 1792,1383 1744,1383 1697,1383 1650,1382 1602,1382 1555,1382 1507,1382 1460,1382 1412,1382 1365,1382 1317,1382 1270,1382 1223,1382"/>
                <Baseline points="1223,1403 1270,1403 1317,1403 1365,1403 1412,1403 1460,1403 1507,1403 1555,1403 1602,1403 1650,1403 1697,1404 1744,1404 1792,1404 1839,1404 1887,1404 1934,1404 1982,1403 2029,1403 2077,1403 2124,1401 2172,1401"/>
                <TextEquiv>
                    <Unicode>unmittelbar und ſo reichlich von Erfolg gekrönt worden,</Unicode>
                </TextEquiv>
            </TextLine>
            <TextLine id="r1l41" custom="readingOrder {index:9;}">
                <Coords points="1217,1459 1264,1459 1311,1458 1359,1458 1406,1458 1454,1458 1501,1458 1549,1458 1596,1458 1644,1458 1691,1458 1738,1458 1786,1458 1833,1458 1881,1458 1928,1458 1976,1458 2023,1458 2071,1458 2118,1458 2166,1458 2166,1427 2118,1427 2071,1427 2023,1427 1976,1427 1928,1427 1881,1427 1833,1427 1786,1427 1738,1427 1691,1427 1644,1427 1596,1427 1549,1427 1501,1427 1454,1427 1406,1427 1359,1427 1311,1427 1264,1428 1217,1428"/>
                <Baseline points="1217,1449 1264,1449 1311,1448 1359,1448 1406,1448 1454,1448 1501,1448 1549,1448 1596,1448 1644,1448 1691,1448 1738,1448 1786,1448 1833,1448 1881,1448 1928,1448 1976,1448 2023,1448 2071,1448 2118,1448 2166,1448"/>
                <TextEquiv>
                    <Unicode>daß derſelbe wohl die kühnſten Hoffnungen hinter ſich ließ?</Unicode>
                </TextEquiv>
            </TextLine>
            <TextLine id="r1l43" custom="readingOrder {index:10;}">
                <Coords points="1331,1501 1372,1501 1414,1503 1456,1503 1498,1503 1540,1503 1582,1504 1624,1504 1666,1504 1708,1504 1750,1504 1791,1503 1833,1503 1875,1503 1917,1503 1959,1503 2001,1502 2043,1501 2085,1501 2127,1501 2169,1500 2169,1470 2127,1471 2085,1471 2043,1471 2001,1472 1959,1473 1917,1473 1875,1473 1833,1473 1791,1473 1750,1474 1708,1474 1666,1474 1624,1474 1582,1474 1540,1473 1498,1473 1456,1473 1414,1473 1372,1471 1331,1471"/>
                <Baseline points="1331,1491 1372,1491 1414,1493 1456,1493 1498,1493 1540,1493 1582,1494 1624,1494 1666,1494 1708,1494 1750,1494 1791,1493 1833,1493 1875,1493 1917,1493 1959,1493 2001,1492 2043,1491 2085,1491 2127,1491 2169,1490"/>
                <TextEquiv>
                    <Unicode>Etwas Aehnliches läßt ſich wenigſtens von keinem der</Unicode>
                </TextEquiv>
            </TextLine>
            <TextLine id="r1l45" custom="readingOrder {index:11;}">
                <Coords points="1220,1545 1268,1545 1316,1545 1364,1545 1412,1545 1460,1545 1508,1546 1556,1546 1604,1546 1652,1546 1700,1546 1748,1546 1796,1546 1844,1546 1892,1546 1940,1546 1988,1546 2036,1545 2084,1545 2132,1545 2180,1545 2180,1515 2132,1515 2084,1515 2036,1515 1988,1516 1940,1516 1892,1516 1844,1516 1796,1516 1748,1516 1700,1516 1652,1516 1604,1516 1556,1516 1508,1516 1460,1515 1412,1515 1364,1515 1316,1515 1268,1515 1220,1515"/>
                <Baseline points="1220,1535 1268,1535 1316,1535 1364,1535 1412,1535 1460,1535 1508,1536 1556,1536 1604,1536 1652,1536 1700,1536 1748,1536 1796,1536 1844,1536 1892,1536 1940,1536 1988,1536 2036,1535 2084,1535 2132,1535 2180,1535"/>
                <TextEquiv>
                    <Unicode>damals erſcheinenden Werke und gelegentlichen Arbeiten</Unicode>
                </TextEquiv>
            </TextLine>
            <TextLine id="r1l47" custom="readingOrder {index:12;}">
                <Coords points="1220,1590 1267,1588 1315,1588 1363,1588 1411,1588 1458,1588 1506,1588 1554,1588 1602,1588 1649,1588 1697,1588 1745,1588 1793,1588 1840,1588 1888,1590 1936,1590 1984,1590 2031,1590 2079,1590 2127,1590 2175,1588 2175,1558 2127,1560 2079,1560 2031,1560 1984,1560 1936,1560 1888,1560 1840,1558 1793,1558 1745,1558 1697,1558 1649,1558 1602,1558 1554,1558 1506,1558 1458,1558 1411,1558 1363,1558 1315,1558 1267,1558 1220,1560"/>
                <Baseline points="1220,1580 1267,1578 1315,1578 1363,1578 1411,1578 1458,1578 1506,1578 1554,1578 1602,1578 1649,1578 1697,1578 1745,1578 1793,1578 1840,1578 1888,1580 1936,1580 1984,1580 2031,1580 2079,1580 2127,1580 2175,1578"/>
                <TextEquiv>
                    <Unicode>in Zeitſchriften ſagen. Seit 1810 begann die Forſchung</Unicode>
                </TextEquiv>
            </TextLine>
            <TextLine id="r1l49" custom="readingOrder {index:13;}">
                <Coords points="1223,1627 1270,1627 1317,1627 1364,1629 1412,1629 1459,1629 1506,1629 1554,1629 1601,1630 1648,1630 1696,1630 1743,1630 1790,1630 1837,1630 1885,1630 1932,1630 1979,1630 2027,1630 2074,1630 2121,1630 2169,1632 2169,1602 2121,1600 2074,1600 2027,1600 1979,1600 1932,1600 1885,1600 1837,1600 1790,1600 1743,1600 1696,1600 1648,1600 1601,1600 1554,1599 1506,1599 1459,1599 1412,1599 1364,1599 1317,1597 1270,1597 1223,1597"/>
                <Baseline points="1223,1617 1270,1617 1317,1617 1364,1619 1412,1619 1459,1619 1506,1619 1554,1619 1601,1620 1648,1620 1696,1620 1743,1620 1790,1620 1837,1620 1885,1620 1932,1620 1979,1620 2027,1620 2074,1620 2121,1620 2169,1622"/>
                <TextEquiv>
                    <Unicode>auf dem Gebiet der chriſtlichen Kunſt rege zu werden.</Unicode>
                </TextEquiv>
            </TextLine>
            <TextLine id="r1l51" custom="readingOrder {index:14;}">
                <Coords points="1214,1666 1262,1666 1310,1668 1358,1668 1406,1669 1454,1669 1502,1669 1550,1671 1598,1671 1646,1671 1694,1671 1742,1671 1790,1672 1838,1672 1886,1672 1934,1672 1982,1672 2030,1672 2078,1672 2126,1671 2175,1671 2175,1641 2126,1641 2078,1642 2030,1642 1982,1642 1934,1642 1886,1642 1838,1642 1790,1642 1742,1641 1694,1641 1646,1641 1598,1641 1550,1641 1502,1639 1454,1639 1406,1639 1358,1638 1310,1638 1262,1636 1214,1636"/>
                <Baseline points="1214,1656 1262,1656 1310,1658 1358,1658 1406,1659 1454,1659 1502,1659 1550,1661 1598,1661 1646,1661 1694,1661 1742,1661 1790,1662 1838,1662 1886,1662 1934,1662 1982,1662 2030,1662 2078,1662 2126,1661 2175,1661"/>
                <TextEquiv>
                    <Unicode>Bis zum Beginn der vierziger Jahre waren neben Anderen</Unicode>
                </TextEquiv>
            </TextLine>
            <TextLine id="r1l53" custom="readingOrder {index:15;}">
                <Coords points="1220,1713 1267,1713 1315,1713 1363,1713 1410,1713 1458,1714 1506,1714 1553,1716 1601,1716 1649,1716 1697,1717 1744,1717 1792,1718 1840,1719 1887,1719 1935,1719 1983,1719 2030,1719 2078,1719 2126,1719 2174,1717 2174,1686 2126,1688 2078,1688 2030,1688 1983,1688 1935,1688 1887,1688 1840,1688 1792,1687 1744,1686 1697,1686 1649,1685 1601,1685 1553,1685 1506,1683 1458,1683 1410,1682 1363,1682 1315,1682 1267,1682 1220,1682"/>
                <Baseline points="1220,1703 1267,1703 1315,1703 1363,1703 1410,1703 1458,1704 1506,1704 1553,1706 1601,1706 1649,1706 1697,1707 1744,1707 1792,1708 1840,1709 1887,1709 1935,1709 1983,1709 2030,1709 2078,1709 2126,1709 2174,1707"/>
                <TextEquiv>
                    <Unicode>Auguſti, Hirt, Seroux d’Agincourt, Platner und Bunſen</Unicode>
                </TextEquiv>
            </TextLine>
            <TextLine id="r1l55" custom="readingOrder {index:16;}">
                <Coords points="1220,1761 1267,1761 1314,1761 1362,1761 1409,1761 1457,1761 1504,1761 1551,1762 1599,1762 1646,1762 1694,1764 1741,1764 1788,1764 1836,1764 1883,1765 1931,1765 1978,1765 2025,1765 2073,1765 2120,1765 2168,1765 2168,1734 2120,1734 2073,1734 2025,1734 1978,1734 1931,1734 1883,1734 1836,1733 1788,1733 1741,1733 1694,1733 1646,1731 1599,1731 1551,1731 1504,1730 1457,1730 1409,1730 1362,1730 1314,1730 1267,1730 1220,1730"/>
                <Baseline points="1220,1751 1267,1751 1314,1751 1362,1751 1409,1751 1457,1751 1504,1751 1551,1752 1599,1752 1646,1752 1694,1754 1741,1754 1788,1754 1836,1754 1883,1755 1931,1755 1978,1755 2025,1755 2073,1755 2120,1755 2168,1755"/>
                <TextEquiv>
                    <Unicode>productiv, jedoch fehlte den Meiſten dieſer Schriftſteller das</Unicode>
                </TextEquiv>
            </TextLine>
            <TextLine id="r1l57" custom="readingOrder {index:17;}">
                <Coords points="1232,1804 1279,1805 1326,1806 1373,1806 1421,1807 1468,1807 1515,1807 1562,1809 1610,1809 1657,1810 1704,1810 1751,1810 1799,1812 1846,1812 1893,1812 1940,1812 1988,1812 2035,1812 2082,1812 2129,1812 2177,1812 2177,1781 2129,1781 2082,1781 2035,1781 1988,1781 1940,1781 1893,1781 1846,1781 1799,1781 1751,1779 1704,1779 1657,1779 1610,1778 1562,1778 1515,1776 1468,1776 1421,1776 1373,1775 1326,1775 1279,1774 1232,1773"/>
                <Baseline points="1232,1794 1279,1795 1326,1796 1373,1796 1421,1797 1468,1797 1515,1797 1562,1799 1610,1799 1657,1800 1704,1800 1751,1800 1799,1802 1846,1802 1893,1802 1940,1802 1988,1802 2035,1802 2082,1802 2129,1802 2177,1802"/>
                <TextEquiv>
                    <Unicode>praktiſche Verſtändniß der Gegenſtände, welche ſie zu er⸗</Unicode>
                </TextEquiv>
            </TextLine>
            <TextLine id="r1l59" custom="readingOrder {index:18;}">
                <Coords points="1226,1852 1251,1851 1276,1851 1301,1851 1326,1851 1351,1851 1377,1851 1402,1851 1427,1851 1452,1852 1477,1852 1503,1854 1503,1823 1477,1821 1452,1821 1427,1820 1402,1820 1377,1820 1351,1820 1326,1820 1301,1820 1276,1820 1251,1820 1226,1821"/>
                <Baseline points="1226,1842 1251,1841 1276,1841 1301,1841 1326,1841 1351,1841 1377,1841 1402,1841 1427,1841 1452,1842 1477,1842 1503,1844"/>
                <TextEquiv>
                    <Unicode>forſchen trachteten.</Unicode>
                </TextEquiv>
            </TextLine>
            <TextLine id="r1l61" custom="readingOrder {index:19;}">
                <Coords points="1328,1894 1370,1896 1412,1896 1454,1897 1496,1898 1538,1899 1580,1899 1623,1899 1665,1900 1707,1900 1749,1900 1791,1900 1833,1900 1875,1900 1918,1900 1960,1900 2002,1900 2044,1900 2086,1900 2128,1900 2171,1900 2171,1869 2128,1869 2086,1869 2044,1869 2002,1869 1960,1869 1918,1869 1875,1869 1833,1869 1791,1869 1749,1869 1707,1869 1665,1869 1623,1868 1580,1868 1538,1868 1496,1867 1454,1866 1412,1865 1370,1865 1328,1863"/>
                <Baseline points="1328,1884 1370,1886 1412,1886 1454,1887 1496,1888 1538,1889 1580,1889 1623,1889 1665,1890 1707,1890 1749,1890 1791,1890 1833,1890 1875,1890 1918,1890 1960,1890 2002,1890 2044,1890 2086,1890 2128,1890 2171,1890"/>
                <TextEquiv>
                    <Unicode>Einen intereſſanten Beweis für das Geſagte liefert</Unicode>
                </TextEquiv>
            </TextLine>
            <TextLine id="r1l63" custom="readingOrder {index:20;}">
                <Coords points="1232,1939 1278,1941 1325,1941 1372,1941 1419,1941 1466,1942 1512,1942 1559,1942 1606,1942 1653,1944 1700,1944 1746,1944 1793,1944 1840,1945 1887,1945 1934,1945 1980,1945 2027,1945 2074,1945 2121,1945 2168,1945 2168,1914 2121,1914 2074,1914 2027,1914 1980,1914 1934,1914 1887,1914 1840,1914 1793,1913 1746,1913 1700,1913 1653,1913 1606,1911 1559,1911 1512,1911 1466,1911 1419,1910 1372,1910 1325,1910 1278,1910 1232,1908"/>
                <Baseline points="1232,1929 1278,1931 1325,1931 1372,1931 1419,1931 1466,1932 1512,1932 1559,1932 1606,1932 1653,1934 1700,1934 1746,1934 1793,1934 1840,1935 1887,1935 1934,1935 1980,1935 2027,1935 2074,1935 2121,1935 2168,1935"/>
                <TextEquiv>
                    <Unicode>die erſt in den letzten Jahren zum Austrag gebrachte Con⸗</Unicode>
                </TextEquiv>
            </TextLine>
            <TextLine id="r1l65" custom="readingOrder {index:21;}">
                <Coords points="1217,1983 1264,1984 1311,1984 1359,1984 1406,1984 1454,1985 1501,1986 1549,1986 1596,1986 1644,1987 1691,1987 1738,1987 1786,1989 1833,1989 1881,1989 1928,1989 1976,1990 2023,1990 2071,1990 2118,1990 2166,1989 2166,1958 2118,1959 2071,1959 2023,1959 1976,1959 1928,1958 1881,1958 1833,1958 1786,1958 1738,1956 1691,1956 1644,1956 1596,1955 1549,1955 1501,1955 1454,1954 1406,1953 1359,1953 1311,1953 1264,1953 1217,1952"/>
                <Baseline points="1217,1973 1264,1974 1311,1974 1359,1974 1406,1974 1454,1975 1501,1976 1549,1976 1596,1976 1644,1977 1691,1977 1738,1977 1786,1979 1833,1979 1881,1979 1928,1979 1976,1980 2023,1980 2071,1980 2118,1980 2166,1979"/>
                <TextEquiv>
                    <Unicode>troverſe über die Geſtalt der chriſtlichen Baſilica und deren</Unicode>
                </TextEquiv>
            </TextLine>
            <TextLine id="r1l67" custom="readingOrder {index:22;}">
                <Coords points="1226,2028 1273,2028 1321,2028 1368,2028 1416,2028 1463,2028 1511,2029 1558,2029 1606,2029 1653,2031 1701,2031 1749,2031 1796,2032 1844,2032 1891,2032 1939,2032 1986,2034 2034,2034 2081,2034 2129,2034 2177,2032 2177,2001 2129,2003 2081,2003 2034,2003 1986,2003 1939,2001 1891,2001 1844,2001 1796,2001 1749,2000 1701,2000 1653,2000 1606,1998 1558,1998 1511,1998 1463,1997 1416,1997 1368,1997 1321,1997 1273,1997 1226,1997"/>
                <Baseline points="1226,2018 1273,2018 1321,2018 1368,2018 1416,2018 1463,2018 1511,2019 1558,2019 1606,2019 1653,2021 1701,2021 1749,2021 1796,2022 1844,2022 1891,2022 1939,2022 1986,2024 2034,2024 2081,2024 2129,2024 2177,2022"/>
                <TextEquiv>
                    <Unicode>Verhältniß zu den heidniſchen. In übelangebrachter Deu⸗</Unicode>
                </TextEquiv>
            </TextLine>
            <TextLine id="r1l69" custom="readingOrder {index:23;}">
                <Coords points="1229,2074 1278,2074 1327,2073 1377,2073 1426,2073 1476,2073 1525,2073 1574,2073 1624,2073 1673,2073 1723,2074 1772,2074 1822,2074 1871,2074 1920,2076 1970,2076 2019,2076 2069,2077 2118,2077 2168,2077 2168,2047 2118,2047 2069,2047 2019,2046 1970,2046 1920,2046 1871,2044 1822,2044 1772,2044 1723,2044 1673,2043 1624,2043 1574,2043 1525,2043 1476,2043 1426,2043 1377,2043 1327,2043 1278,2044 1229,2044"/>
                <Baseline points="1229,2064 1278,2064 1327,2063 1377,2063 1426,2063 1476,2063 1525,2063 1574,2063 1624,2063 1673,2063 1723,2064 1772,2064 1822,2064 1871,2064 1920,2066 1970,2066 2019,2066 2069,2067 2118,2067 2168,2067"/>
                <TextEquiv>
                    <Unicode>tung vieler mühſam zuſammengetragener Citate aus chriſt⸗</Unicode>
                </TextEquiv>
            </TextLine>
            <TextLine id="r1l71" custom="readingOrder {index:24;}">
                <Coords points="1232,2116 1281,2116 1330,2116 1380,2115 1429,2115 1479,2115 1528,2116 1577,2116 1627,2116 1676,2117 1726,2118 1775,2118 1825,2119 1874,2119 1923,2119 1973,2121 2022,2121 2072,2121 2121,2121 2171,2121 2171,2091 2121,2091 2072,2091 2022,2091 1973,2091 1923,2089 1874,2089 1825,2089 1775,2088 1726,2088 1676,2087 1627,2086 1577,2086 1528,2086 1479,2085 1429,2085 1380,2085 1330,2086 1281,2086 1232,2086"/>
                <Baseline points="1232,2106 1281,2106 1330,2106 1380,2105 1429,2105 1479,2105 1528,2106 1577,2106 1627,2106 1676,2107 1726,2108 1775,2108 1825,2109 1874,2109 1923,2109 1973,2111 2022,2111 2072,2111 2121,2111 2171,2111"/>
                <TextEquiv>
                    <Unicode>lichen und nicht chriſtlichen Autoren conſtruirte man heid⸗</Unicode>
                </TextEquiv>
            </TextLine>
            <TextLine id="r1l73" custom="readingOrder {index:25;}">
                <Coords points="1229,2161 1275,2161 1322,2161 1369,2160 1416,2160 1463,2160 1509,2160 1556,2160 1603,2160 1650,2160 1697,2160 1743,2161 1790,2161 1837,2161 1884,2163 1931,2163 1977,2163 2024,2163 2071,2164 2118,2164 2165,2164 2165,2134 2118,2134 2071,2134 2024,2133 1977,2133 1931,2133 1884,2133 1837,2131 1790,2131 1743,2131 1697,2130 1650,2130 1603,2130 1556,2130 1509,2130 1463,2130 1416,2130 1369,2130 1322,2131 1275,2131 1229,2131"/>
                <Baseline points="1229,2151 1275,2151 1322,2151 1369,2150 1416,2150 1463,2150 1509,2150 1556,2150 1603,2150 1650,2150 1697,2150 1743,2151 1790,2151 1837,2151 1884,2153 1931,2153 1977,2153 2024,2153 2071,2154 2118,2154 2165,2154"/>
                <TextEquiv>
                    <Unicode>niſche Baſiliken nach Belieben, und leitete von ſolchen</Unicode>
                </TextEquiv>
            </TextLine>
            <TextLine id="r1l75" custom="readingOrder {index:26;}">
                <Coords points="1226,2205 1273,2205 1320,2205 1367,2205 1415,2205 1462,2205 1509,2205 1556,2205 1604,2205 1651,2205 1698,2205 1745,2206 1793,2206 1840,2206 1887,2206 1934,2206 1982,2208 2029,2208 2076,2208 2123,2209 2171,2209 2171,2179 2123,2179 2076,2178 2029,2178 1982,2178 1934,2176 1887,2176 1840,2176 1793,2176 1745,2176 1698,2175 1651,2175 1604,2175 1556,2175 1509,2175 1462,2175 1415,2175 1367,2175 1320,2175 1273,2175 1226,2175"/>
                <Baseline points="1226,2195 1273,2195 1320,2195 1367,2195 1415,2195 1462,2195 1509,2195 1556,2195 1604,2195 1651,2195 1698,2195 1745,2196 1793,2196 1840,2196 1887,2196 1934,2196 1982,2198 2029,2198 2076,2198 2123,2199 2171,2199"/>
                <TextEquiv>
                    <Unicode>Phantaſiegebilden die chriſtlichen ab, bis Zeſtermann,</Unicode>
                </TextEquiv>
            </TextLine>
            <TextLine id="r1l77" custom="readingOrder {index:27;}">
                <Coords points="1224,2251 1271,2251 1318,2251 1365,2250 1412,2250 1459,2250 1506,2250 1553,2250 1600,2250 1647,2250 1695,2250 1742,2250 1789,2250 1836,2250 1883,2250 1930,2250 1977,2250 2024,2250 2071,2250 2118,2250 2166,2251 2166,2221 2118,2220 2071,2220 2024,2220 1977,2220 1930,2220 1883,2220 1836,2220 1789,2220 1742,2220 1695,2220 1647,2220 1600,2220 1553,2220 1506,2220 1459,2220 1412,2220 1365,2220 1318,2221 1271,2221 1224,2221"/>
                <Baseline points="1224,2241 1271,2241 1318,2241 1365,2240 1412,2240 1459,2240 1506,2240 1553,2240 1600,2240 1647,2240 1695,2240 1742,2240 1789,2240 1836,2240 1883,2240 1930,2240 1977,2240 2024,2240 2071,2240 2118,2240 2166,2241"/>
                <TextEquiv>
                    <Unicode>Kreuſer, Mothes und Andere dieſem Unweſen mühſam ein</Unicode>
                </TextEquiv>
            </TextLine>
            <TextLine id="r1l79" custom="readingOrder {index:28;}">
                <Coords points="1230,2299 1256,2297 1283,2296 1309,2295 1336,2295 1362,2295 1389,2296 1415,2296 1442,2296 1469,2295 1469,2264 1442,2265 1415,2265 1389,2265 1362,2264 1336,2264 1309,2264 1283,2265 1256,2266 1230,2268"/>
                <Baseline points="1230,2289 1256,2287 1283,2286 1309,2285 1336,2285 1362,2285 1389,2286 1415,2286 1442,2286 1469,2285"/>
                <TextEquiv>
                    <Unicode>Ende bereiteten.</Unicode>
                </TextEquiv>
            </TextLine>
            <TextLine id="r1l81" custom="readingOrder {index:29;}">
                <Coords points="1331,2341 1373,2341 1415,2340 1458,2340 1500,2340 1542,2340 1585,2339 1627,2338 1669,2338 1712,2338 1754,2338 1796,2337 1839,2337 1881,2337 1923,2337 1966,2337 2008,2337 2050,2338 2093,2338 2135,2338 2178,2340 2178,2310 2135,2308 2093,2308 2050,2308 2008,2307 1966,2307 1923,2307 1881,2307 1839,2307 1796,2307 1754,2308 1712,2308 1669,2308 1627,2308 1585,2309 1542,2310 1500,2310 1458,2310 1415,2310 1373,2311 1331,2311"/>
                <Baseline points="1331,2331 1373,2331 1415,2330 1458,2330 1500,2330 1542,2330 1585,2329 1627,2328 1669,2328 1712,2328 1754,2328 1796,2327 1839,2327 1881,2327 1923,2327 1966,2327 2008,2327 2050,2328 2093,2328 2135,2328 2178,2330"/>
                <TextEquiv>
                    <Unicode>Ein Glück war es, daß ſich auch damals Männer</Unicode>
                </TextEquiv>
            </TextLine>
            <TextLine id="r1l83" custom="readingOrder {index:30;}">
                <Coords points="1235,2386 1281,2386 1328,2386 1375,2385 1422,2385 1469,2385 1515,2383 1562,2383 1609,2382 1656,2382 1703,2382 1749,2380 1796,2380 1843,2380 1890,2380 1937,2380 1983,2382 2030,2382 2077,2383 2124,2385 2171,2388 2171,2358 2124,2355 2077,2353 2030,2352 1983,2352 1937,2350 1890,2350 1843,2350 1796,2350 1749,2350 1703,2352 1656,2352 1609,2352 1562,2353 1515,2353 1469,2355 1422,2355 1375,2355 1328,2356 1281,2356 1235,2356"/>
                <Baseline points="1235,2376 1281,2376 1328,2376 1375,2375 1422,2375 1469,2375 1515,2373 1562,2373 1609,2372 1656,2372 1703,2372 1749,2370 1796,2370 1843,2370 1890,2370 1937,2370 1983,2372 2030,2372 2077,2373 2124,2375 2171,2378"/>
                <TextEquiv>
                    <Unicode>fanden, die nicht ausſchließlich bei der Studirlampe ſitzend</Unicode>
                </TextEquiv>
            </TextLine>
            <TextLine id="r1l85" custom="readingOrder {index:31;}">
                <Coords points="1223,2430 1270,2431 1318,2430 1366,2430 1414,2430 1461,2430 1509,2428 1557,2428 1605,2428 1652,2427 1700,2427 1748,2427 1796,2425 1843,2425 1891,2425 1939,2425 1987,2427 2034,2427 2082,2428 2130,2430 2178,2431 2178,2400 2130,2399 2082,2397 2034,2396 1987,2396 1939,2394 1891,2394 1843,2394 1796,2394 1748,2396 1700,2396 1652,2396 1605,2397 1557,2397 1509,2397 1461,2399 1414,2399 1366,2399 1318,2399 1270,2400 1223,2399"/>
                <Baseline points="1223,2420 1270,2421 1318,2420 1366,2420 1414,2420 1461,2420 1509,2418 1557,2418 1605,2418 1652,2417 1700,2417 1748,2417 1796,2415 1843,2415 1891,2415 1939,2415 1987,2417 2034,2417 2082,2418 2130,2420 2178,2421"/>
                <TextEquiv>
                    <Unicode>die Kunſtgeſchichte cultivirten. Seroux d’Agincourt (Hi-</Unicode>
                </TextEquiv>
            </TextLine>
            <TextLine id="r1l87" custom="readingOrder {index:32;}">
                <Coords points="1226,2476 1273,2476 1321,2475 1368,2475 1416,2475 1463,2473 1511,2473 1558,2473 1606,2472 1653,2472 1701,2472 1749,2470 1796,2470 1844,2470 1891,2470 1939,2472 1986,2472 2034,2473 2081,2474 2129,2476 2177,2478 2177,2447 2129,2445 2081,2443 2034,2442 1986,2441 1939,2441 1891,2439 1844,2439 1796,2439 1749,2439 1701,2441 1653,2441 1606,2441 1558,2442 1511,2442 1463,2442 1416,2444 1368,2444 1321,2444 1273,2445 1226,2445"/>
                <Baseline points="1226,2466 1273,2466 1321,2465 1368,2465 1416,2465 1463,2463 1511,2463 1558,2463 1606,2462 1653,2462 1701,2462 1749,2460 1796,2460 1844,2460 1891,2460 1939,2462 1986,2462 2034,2463 2081,2464 2129,2466 2177,2468"/>
                <TextEquiv>
                    <Unicode>stoire de l’art par les monuments. Paris. 1823), Bunſen</Unicode>
                </TextEquiv>
            </TextLine>
            <TextLine id="r1l89" custom="readingOrder {index:33;}">
                <Coords points="1241,2521 1287,2521 1334,2520 1380,2518 1427,2518 1473,2518 1520,2517 1566,2517 1613,2517 1659,2515 1706,2515 1752,2515 1799,2515 1845,2515 1892,2517 1938,2517 1985,2518 2031,2518 2078,2520 2124,2521 2171,2523 2171,2492 2124,2490 2078,2489 2031,2487 1985,2487 1938,2486 1892,2486 1845,2484 1799,2484 1752,2484 1706,2484 1659,2484 1613,2486 1566,2486 1520,2486 1473,2487 1427,2487 1380,2487 1334,2489 1287,2490 1241,2490"/>
                <Baseline points="1220,2513 1287,2511 1334,2510 1380,2508 1427,2508 1473,2508 1520,2507 1566,2507 1613,2507 1659,2505 1706,2505 1752,2505 1799,2505 1845,2505 1892,2507 1938,2507 1985,2508 2031,2508 2078,2510 2124,2511 2171,2513"/>
                <TextEquiv>
                    <Unicode>(die Baſiliken des chriſtlichen Rom. 1842), v. Quaſt (die</Unicode>
                </TextEquiv>
            </TextLine>
            <TextLine id="r1l91" custom="readingOrder {index:34;}">
                <Coords points="1227,2566 1274,2566 1321,2566 1368,2565 1416,2565 1463,2563 1510,2563 1557,2563 1605,2562 1652,2562 1699,2562 1746,2562 1794,2562 1841,2562 1888,2562 1935,2562 1983,2563 2030,2563 2077,2565 2124,2566 2172,2566 2172,2535 2124,2535 2077,2534 2030,2532 1983,2532 1935,2531 1888,2531 1841,2531 1794,2531 1746,2531 1699,2531 1652,2531 1605,2531 1557,2532 1510,2532 1463,2532 1416,2534 1368,2534 1321,2535 1274,2535 1227,2535"/>
                <Baseline points="1227,2556 1274,2556 1321,2556 1368,2555 1416,2555 1463,2553 1510,2553 1557,2553 1605,2552 1652,2552 1699,2552 1746,2552 1794,2552 1841,2552 1888,2552 1935,2552 1983,2553 2030,2553 2077,2555 2124,2556 2172,2556"/>
                <TextEquiv>
                    <Unicode>Baſiliken Ravenna’s) gingen praktiſch zu Werk und förder⸗</Unicode>
                </TextEquiv>
            </TextLine>
            <TextLine id="r1l93" custom="readingOrder {index:35;}">
                <Coords points="1226,2611 1273,2611 1320,2610 1368,2610 1415,2608 1463,2608 1510,2607 1557,2607 1605,2607 1652,2605 1700,2605 1747,2605 1794,2605 1842,2605 1889,2605 1937,2607 1984,2607 2031,2608 2079,2610 2126,2611 2174,2613 2174,2582 2126,2580 2079,2579 2031,2577 1984,2576 1937,2576 1889,2574 1842,2574 1794,2574 1747,2574 1700,2574 1652,2574 1605,2576 1557,2576 1510,2576 1463,2577 1415,2577 1368,2579 1320,2579 1273,2580 1226,2580"/>
                <Baseline points="1226,2601 1273,2601 1320,2600 1368,2600 1415,2598 1463,2598 1510,2597 1557,2597 1605,2597 1652,2595 1700,2595 1747,2595 1794,2595 1842,2595 1889,2595 1937,2597 1984,2597 2031,2598 2079,2600 2126,2601 2174,2603"/>
                <TextEquiv>
                    <Unicode>ten das Verſtändniß chriſtlicher Baukunſt durch eigene An⸗</Unicode>
                </TextEquiv>
            </TextLine>
            <TextLine id="r1l95" custom="readingOrder {index:36;}">
                <Coords points="1242,2658 1288,2656 1334,2655 1381,2653 1427,2652 1473,2652 1520,2652 1566,2650 1612,2650 1659,2650 1705,2650 1751,2650 1798,2650 1844,2652 1890,2652 1937,2652 1983,2653 2029,2655 2076,2655 2122,2656 2169,2658 2169,2627 2122,2625 2076,2624 2029,2624 1983,2622 1937,2621 1890,2621 1844,2621 1798,2619 1751,2619 1705,2619 1659,2619 1612,2619 1566,2619 1520,2621 1473,2621 1427,2621 1381,2622 1334,2624 1288,2625 1242,2627"/>
                <Baseline points="1221,2648 1288,2646 1334,2645 1381,2643 1427,2642 1473,2642 1520,2642 1566,2640 1612,2640 1659,2640 1705,2640 1751,2640 1798,2640 1844,2642 1890,2642 1937,2642 1983,2643 2029,2645 2076,2645 2122,2646 2169,2648"/>
                <TextEquiv>
                    <Unicode>ſchauung und Aufnahme der bedeutendſten Denkmäler alt⸗</Unicode>
                </TextEquiv>
            </TextLine>
            <TextLine id="r1l97" custom="readingOrder {index:37;}">
                <Coords points="1232,2701 1279,2700 1326,2698 1373,2697 1420,2696 1467,2695 1514,2695 1561,2695 1608,2695 1655,2695 1703,2695 1750,2695 1797,2695 1844,2697 1891,2697 1938,2698 1985,2699 2032,2700 2079,2701 2126,2703 2174,2704 2174,2674 2126,2673 2079,2671 2032,2670 1985,2669 1938,2668 1891,2667 1844,2667 1797,2665 1750,2665 1703,2665 1655,2665 1608,2665 1561,2665 1514,2665 1467,2665 1420,2666 1373,2667 1326,2668 1279,2670 1232,2671"/>
                <Baseline points="1232,2691 1279,2690 1326,2688 1373,2687 1420,2686 1467,2685 1514,2685 1561,2685 1608,2685 1655,2685 1703,2685 1750,2685 1797,2685 1844,2687 1891,2687 1938,2688 1985,2689 2032,2690 2079,2691 2126,2693 2174,2694"/>
                <TextEquiv>
                    <Unicode>chriſtlicher Kunſt. Inzwiſchen nahten die dreißiger Jahre</Unicode>
                </TextEquiv>
            </TextLine>
            <TextLine id="r1l99" custom="readingOrder {index:38;}">
                <Coords points="1239,2748 1288,2746 1337,2745 1387,2742 1436,2742 1486,2740 1535,2740 1584,2740 1634,2740 1683,2740 1733,2740 1782,2741 1832,2742 1881,2742 1930,2743 1980,2743 2029,2745 2079,2745 2128,2746 2178,2746 2178,2715 2128,2715 2079,2714 2029,2714 1980,2712 1930,2712 1881,2711 1832,2711 1782,2710 1733,2709 1683,2709 1634,2709 1584,2709 1535,2709 1486,2709 1436,2711 1387,2711 1337,2714 1288,2715 1239,2717"/>
                <Baseline points="1239,2738 1288,2736 1337,2735 1387,2732 1436,2732 1486,2730 1535,2730 1584,2730 1634,2730 1683,2730 1733,2730 1782,2731 1832,2732 1881,2732 1930,2733 1980,2733 2029,2735 2079,2735 2128,2736 2178,2736"/>
                <TextEquiv>
                    <Unicode>ſich ihrem Ende, ohne daß die kunſtgeſchichtlichen Leiſtun⸗</Unicode>
                </TextEquiv>
            </TextLine>
            <TextLine id="r1l101" custom="readingOrder {index:39;}">
                <Coords points="1232,2793 1279,2790 1326,2788 1374,2787 1421,2786 1469,2785 1516,2784 1563,2784 1611,2784 1658,2784 1706,2785 1753,2785 1800,2785 1848,2787 1895,2787 1943,2788 1990,2788 2037,2790 2085,2790 2132,2791 2180,2791 2180,2760 2132,2760 2085,2759 2037,2759 1990,2757 1943,2757 1895,2756 1848,2756 1800,2754 1753,2754 1706,2754 1658,2753 1611,2753 1563,2753 1516,2753 1469,2754 1421,2755 1374,2756 1326,2757 1279,2759 1232,2762"/>
                <Baseline points="1232,2783 1279,2780 1326,2778 1374,2777 1421,2776 1469,2775 1516,2774 1563,2774 1611,2774 1658,2774 1706,2775 1753,2775 1800,2775 1848,2777 1895,2777 1943,2778 1990,2778 2037,2780 2085,2780 2132,2781 2180,2781"/>
                <TextEquiv>
                    <Unicode>gen ſich über eine außergewöhnliche Aufgabe verbreitet</Unicode>
                </TextEquiv>
            </TextLine>
            <TextLine id="r1l103" custom="readingOrder {index:40;}">
                <Coords points="1238,2839 1287,2836 1336,2833 1386,2832 1435,2830 1485,2830 1534,2829 1583,2829 1633,2829 1682,2829 1732,2830 1781,2830 1831,2832 1880,2832 1929,2833 1979,2835 2028,2835 2078,2836 2127,2836 2177,2838 2177,2807 2127,2805 2078,2805 2028,2804 1979,2804 1929,2802 1880,2801 1831,2801 1781,2799 1732,2799 1682,2798 1633,2798 1583,2798 1534,2798 1485,2799 1435,2799 1386,2801 1336,2802 1287,2805 1238,2808"/>
                <Baseline points="1238,2829 1287,2826 1336,2823 1386,2822 1435,2820 1485,2820 1534,2819 1583,2819 1633,2819 1682,2819 1732,2820 1781,2820 1831,2822 1880,2822 1929,2823 1979,2825 2028,2825 2078,2826 2127,2826 2177,2828"/>
                <TextEquiv>
                    <Unicode>hätten. Zunftgemäße Archäologen hatten faſt ausſchließlich</Unicode>
                </TextEquiv>
            </TextLine>
            <TextLine id="r1l105" custom="readingOrder {index:41;}">
                <Coords points="1235,2881 1281,2879 1328,2877 1375,2876 1422,2875 1469,2874 1515,2874 1562,2874 1609,2874 1656,2874 1703,2874 1749,2875 1796,2876 1843,2877 1890,2877 1937,2878 1983,2880 2030,2880 2077,2881 2124,2881 2171,2881 2171,2850 2124,2850 2077,2850 2030,2849 1983,2849 1937,2847 1890,2846 1843,2846 1796,2845 1749,2844 1703,2843 1656,2843 1609,2843 1562,2843 1515,2843 1469,2843 1422,2844 1375,2845 1328,2846 1281,2848 1235,2850"/>
                <Baseline points="1235,2871 1281,2869 1328,2867 1375,2866 1422,2865 1469,2864 1515,2864 1562,2864 1609,2864 1656,2864 1703,2864 1749,2865 1796,2866 1843,2867 1890,2867 1937,2868 1983,2870 2030,2870 2077,2871 2124,2871 2171,2871"/>
                <TextEquiv>
                    <Unicode>das engbegrenzte Gebiet beſetzt; man hatte über die alt⸗</Unicode>
                </TextEquiv>
            </TextLine>
            <TextLine id="r1l107" custom="readingOrder {index:42;}">
                <Coords points="1232,2929 1279,2926 1326,2923 1373,2921 1421,2920 1468,2919 1515,2919 1562,2919 1610,2919 1657,2919 1704,2919 1751,2920 1799,2921 1846,2922 1893,2923 1940,2925 1988,2925 2035,2926 2082,2926 2129,2926 2177,2926 2177,2895 2129,2895 2082,2895 2035,2895 1988,2894 1940,2894 1893,2892 1846,2891 1799,2890 1751,2889 1704,2888 1657,2888 1610,2888 1562,2888 1515,2888 1468,2888 1421,2889 1373,2890 1326,2892 1279,2895 1232,2898"/>
                <Baseline points="1232,2919 1279,2916 1326,2913 1373,2911 1421,2910 1468,2909 1515,2909 1562,2909 1610,2909 1657,2909 1704,2909 1751,2910 1799,2911 1846,2912 1893,2913 1940,2915 1988,2915 2035,2916 2082,2916 2129,2916 2177,2916"/>
                <TextEquiv>
                    <Unicode>chriſtlichen Kunſtſchöpfungen recht viel geſchrieben, aber auch</Unicode>
                </TextEquiv>
            </TextLine>
            <TextLine id="r1l109" custom="readingOrder {index:43;}">
                <Coords points="1230,2973 1277,2970 1325,2968 1372,2967 1420,2965 1467,2964 1515,2964 1562,2964 1610,2964 1657,2964 1705,2964 1753,2965 1800,2965 1848,2967 1895,2968 1943,2968 1990,2969 2038,2970 2085,2970 2133,2970 2181,2970 2181,2939 2133,2939 2085,2939 2038,2939 1990,2938 1943,2937 1895,2937 1848,2936 1800,2934 1753,2934 1705,2933 1657,2933 1610,2933 1562,2933 1515,2933 1467,2933 1420,2934 1372,2936 1325,2937 1277,2939 1230,2942"/>
                <Baseline points="1230,2963 1277,2960 1325,2958 1372,2957 1420,2955 1467,2954 1515,2954 1562,2954 1610,2954 1657,2954 1705,2954 1753,2955 1800,2955 1848,2957 1895,2958 1943,2958 1990,2959 2038,2960 2085,2960 2133,2960 2181,2960"/>
                <TextEquiv>
                    <Unicode>nicht wenig phantaſirt; vom Mittelalter war kaum die</Unicode>
                </TextEquiv>
            </TextLine>
            <TextLine id="r1l111" custom="readingOrder {index:44;}">
                <Coords points="1235,3018 1282,3014 1329,3011 1376,3010 1423,3009 1470,3007 1517,3007 1564,3007 1611,3007 1658,3009 1706,3009 1753,3010 1800,3012 1847,3012 1894,3013 1941,3014 1988,3015 2035,3015 2082,3015 2129,3015 2177,3013 2177,2983 2129,2985 2082,2985 2035,2985 1988,2985 1941,2984 1894,2983 1847,2982 1800,2982 1753,2980 1706,2979 1658,2979 1611,2977 1564,2977 1517,2977 1470,2977 1423,2979 1376,2980 1329,2981 1282,2984 1235,2988"/>
                <Baseline points="1235,3008 1282,3004 1329,3001 1376,3000 1423,2999 1470,2997 1517,2997 1564,2997 1611,2997 1658,2999 1706,2999 1753,3000 1800,3002 1847,3002 1894,3003 1941,3004 1988,3005 2035,3005 2082,3005 2129,3005 2177,3003"/>
                <TextEquiv>
                    <Unicode>Rede geweſen. Da trat im Sachſenlande ein enger Kreis</Unicode>
                </TextEquiv>
            </TextLine>
            <TextLine id="r1l112" custom="readingOrder {index:45;}">
                <Coords points="1236,3061 1283,3058 1330,3055 1377,3054 1425,3054 1472,3052 1519,3052 1566,3052 1614,3054 1661,3054 1708,3055 1755,3055 1803,3057 1850,3057 1897,3058 1944,3058 1992,3058 2039,3058 2086,3058 2133,3057 2181,3055 2181,3025 2133,3027 2086,3028 2039,3028 1992,3028 1944,3028 1897,3028 1850,3027 1803,3027 1755,3025 1708,3025 1661,3024 1614,3024 1566,3022 1519,3022 1472,3022 1425,3024 1377,3024 1330,3025 1283,3028 1236,3031"/>
                <Baseline points="1236,3051 1283,3048 1330,3045 1377,3044 1425,3044 1472,3042 1519,3042 1566,3042 1614,3044 1661,3044 1708,3045 1755,3045 1803,3047 1850,3047 1897,3048 1944,3048 1992,3048 2039,3048 2086,3048 2133,3047 2181,3045"/>
                <TextEquiv>
                    <Unicode>von Dilettanten zuſammen; das Band, das dieſe Gleich⸗</Unicode>
                </TextEquiv>
            </TextLine>
            <TextLine id="r1l114" custom="readingOrder {index:46;}">
                <Coords points="1227,3109 1274,3106 1322,3103 1370,3100 1418,3099 1466,3099 1513,3097 1561,3097 1609,3097 1657,3099 1705,3099 1752,3100 1800,3100 1848,3102 1896,3102 1944,3103 1991,3103 2039,3103 2087,3103 2135,3103 2183,3102 2183,3072 2135,3073 2087,3073 2039,3073 1991,3073 1944,3073 1896,3072 1848,3072 1800,3070 1752,3070 1705,3069 1657,3069 1609,3067 1561,3067 1513,3067 1466,3069 1418,3069 1370,3070 1322,3073 1274,3076 1227,3079"/>
                <Baseline points="1227,3099 1274,3096 1322,3093 1370,3090 1418,3089 1466,3089 1513,3087 1561,3087 1609,3087 1657,3089 1705,3089 1752,3090 1800,3090 1848,3092 1896,3092 1944,3093 1991,3093 2039,3093 2087,3093 2135,3093 2183,3092"/>
                <TextEquiv>
                    <Unicode>geſinnten mit einander verknüpfte, war der Gedanke, daß</Unicode>
                </TextEquiv>
            </TextLine>
            <TextLine id="r1l116" custom="readingOrder {index:47;}">
                <Coords points="1233,3151 1280,3150 1327,3147 1374,3145 1421,3144 1468,3144 1515,3144 1562,3144 1609,3144 1656,3145 1704,3145 1751,3147 1798,3147 1845,3148 1892,3149 1939,3150 1986,3150 2033,3150 2080,3148 2127,3147 2175,3145 2175,3115 2127,3117 2080,3118 2033,3120 1986,3120 1939,3120 1892,3119 1845,3118 1798,3117 1751,3117 1704,3115 1656,3115 1609,3114 1562,3114 1515,3114 1468,3114 1421,3114 1374,3115 1327,3117 1280,3120 1233,3121"/>
                <Baseline points="1233,3141 1280,3140 1327,3137 1374,3135 1421,3134 1468,3134 1515,3134 1562,3134 1609,3134 1656,3135 1704,3135 1751,3137 1798,3137 1845,3138 1892,3139 1939,3140 1986,3140 2033,3140 2080,3138 2127,3137 2175,3135"/>
                <TextEquiv>
                    <Unicode>die Kunſt gleich der Sprache ihre provincialen Eigenthüm⸗</Unicode>
                </TextEquiv>
            </TextLine>
            <TextEquiv>
                <Unicode>Stande war, die nöthigſten Hülfsmittel zur Ausſtattung
eines ſo großartig angelegten Werkes zu bieten, daß
Boiſſerée nirgendwo gebildete und tüchtig geſchulte Künſt⸗
ler zur Ausführung der Platten zu finden vermochte, wenn
man erwägt, daß die Zeitgenoſſen faſt gar keinen Sinn
ür das Beſtreben Boiſſerée’s hatten, dann darf man füg⸗
lich ſtaunen über den Schaffensmuth jenes Mannes. Aber
wo finden wir auch ein Werk der Kunſtliteratur, das ſo
unmittelbar und ſo reichlich von Erfolg gekrönt worden,
daß derſelbe wohl die kühnſten Hoffnungen hinter ſich ließ?
Etwas Aehnliches läßt ſich wenigſtens von keinem der
damals erſcheinenden Werke und gelegentlichen Arbeiten
in Zeitſchriften ſagen. Seit 1810 begann die Forſchung
auf dem Gebiet der chriſtlichen Kunſt rege zu werden.
Bis zum Beginn der vierziger Jahre waren neben Anderen
Auguſti, Hirt, Seroux d’Agincourt, Platner und Bunſen
productiv, jedoch fehlte den Meiſten dieſer Schriftſteller das
praktiſche Verſtändniß der Gegenſtände, welche ſie zu er⸗
forſchen trachteten.
Einen intereſſanten Beweis für das Geſagte liefert
die erſt in den letzten Jahren zum Austrag gebrachte Con⸗
troverſe über die Geſtalt der chriſtlichen Baſilica und deren
Verhältniß zu den heidniſchen. In übelangebrachter Deu⸗
tung vieler mühſam zuſammengetragener Citate aus chriſt⸗
lichen und nicht chriſtlichen Autoren conſtruirte man heid⸗
niſche Baſiliken nach Belieben, und leitete von ſolchen
Phantaſiegebilden die chriſtlichen ab, bis Zeſtermann,
Kreuſer, Mothes und Andere dieſem Unweſen mühſam ein
Ende bereiteten.
Ein Glück war es, daß ſich auch damals Männer
fanden, die nicht ausſchließlich bei der Studirlampe ſitzend
die Kunſtgeſchichte cultivirten. Seroux d’Agincourt (Hi-
stoire de l’art par les monuments. Paris. 1823), Bunſen
(die Baſiliken des chriſtlichen Rom. 1842), v. Quaſt (die
Baſiliken Ravenna’s) gingen praktiſch zu Werk und förder⸗
ten das Verſtändniß chriſtlicher Baukunſt durch eigene An⸗
ſchauung und Aufnahme der bedeutendſten Denkmäler alt⸗
chriſtlicher Kunſt. Inzwiſchen nahten die dreißiger Jahre
ſich ihrem Ende, ohne daß die kunſtgeſchichtlichen Leiſtun⸗
gen ſich über eine außergewöhnliche Aufgabe verbreitet
hätten. Zunftgemäße Archäologen hatten faſt ausſchließlich
das engbegrenzte Gebiet beſetzt; man hatte über die alt⸗
chriſtlichen Kunſtſchöpfungen recht viel geſchrieben, aber auch
nicht wenig phantaſirt; vom Mittelalter war kaum die
Rede geweſen. Da trat im Sachſenlande ein enger Kreis
von Dilettanten zuſammen; das Band, das dieſe Gleich⸗
geſinnten mit einander verknüpfte, war der Gedanke, daß
die Kunſt gleich der Sprache ihre provincialen Eigenthüm⸗</Unicode>
            </TextEquiv>
        </TextRegion>
    </Page>
</PcGts>
