2375 3386
315 107 2147 409 Literariſche Rundſchau.
254 441 641 475 Erſcheint.am 15. eines jeden Mo⸗
242 477 662 514 nats. Der Abonnementspreis beträgt
321 513 570 549 3 Mark p. Semeſter.
968 441 1481 490 Redigirt von Joſeph Köhler.
900 494 1557 544 Verlag von Rudolf Barth in Aachen.
1053 554 1409 601 Erſter Jahrgang.
1805 469 2213 514 Inſerate werden mit 30 Pfennigen
1812 504 2228 550 für, die 2ſpaltige Petitzeile oder deren
1920 543 2115 583 Raum berechnet.
231 638 2235 712 Nr. 3 Ausgegeben am 15. März. 1875.
243 708 2219 778 Inhalt: Ueberſichten und allgemeine Charakteriſtiken: Rückblick auf die bellettriſtiſsche Production des Jahres 1874. Darwin und Häckel
348 741 2222 814 über die Abſtammung des Menſchen. — Recenſionen und Referate: Reinke, der Prophet Micha. Jungmann, tractatus de
347 781 2228 850 religione. Hefele, Conciliengeſchichte, 7. Band. Mill, three essays on religion. Werner, Zur Metaphyſik des Schönen.
341 816 2226 886 Schirrmacher, Entſtehung des Kurfürſtencollegiums. Wilmanns, Reorganiſation des Kurfürſtencollegiums durch Otto IV. und
344 853 2220 922 Innocenz III. Lefflad, Regeſten der Biſchöfe von Eichſtätt. Baumſtark, Philipp II. Kerner, Papſt Alexander III. Morris,
344 888 2217 957 Bedrängniſſe der kath. Kirche in England. Glaubrecht, Agnes von Böhmen. Düntzer, Frau v. Stein. Gödeke, Goethe’s Leben
345 924 2220 997 und Schriften. v. Schack. Nächte des Orients. — Kritiſche Stimmen aus anderen Zeitſchriften. — Nachrichten. — Büchertiſch.
654 1046 1809 1104 Ueberſichten und allgemeine Charakteriſtiken.
309 1130 1109 1180 Rückblick auf die bellettriſtiſche Production
549 1190 870 1227 des Jahres 1874.
338 1245 1181 1302 Es war kein fruchtbares Jahr, das vergangene. Ich
225 1289 1184 1345 denke dabei nicht an die Zahl der Neuſchöpfungen, da ja die
224 1335 1193 1390 Leipziger Kataloge nach dieſer Seite hin einen namhaften
236 1380 1187 1435 Abgang nicht verrathen; ich denke an die Bedeutung und
228 1424 1182 1482 den Werth der Productionen. Magere Jahre müſſen ſich
234 1469 1176 1524 von den fetteren ernähren. Das vergangene Jahr hat uns
228 1515 1172 1567 denn auch mit neuen Auflagen reichlich verſorgt. Eigen⸗
234 1558 1179 1609 thümliche Gedanken — ich geſtehe es — über Geſchmack und
224 1600 1181 1654 Neigung unſeres Publicums drängen ſich auf, wenn man
222 1646 1179 1698 ſeine Vieblinge zuſammen ſtellt und ſieht, wie neben Uhland
224 1689 1179 1746 und Geibel nunmehr Bodenſtedt’s Mirza Schaffy es bis zur
237 1739 945 1786 fünfzigſten Jubiläums⸗Ausgabe gebracht hat.
329 1785 1172 1834 Wenn ich mich zu den neuen Producten des J. 1874
219 1826 1170 1881 wende, ſo gebührt nach altem Gebrauch die Ehre des Vor⸗
218 1869 1175 1924 trittes den eigentlichen Brüdern in Apoll, den Lieder⸗
224 1914 1169 1969 dichtern, um ſo mehr, da ihnen bei ihrem erſten, ſei es
237 1962 1172 2013 ſchüchternen, ſei es ſelbſtbewußten und anſpruchsvollen Auf⸗
215 2007 1178 2059 treten ſelten die goldenen Gaben des Verlegers in Geſtalt
224 2050 1167 2103 von Honorar in den Schooß fallen. Alles nach der alten
224 2094 1166 2149 Regel, die ſchon der ehrliche Hugo v. Trimberg, der Dichter
225 2138 561 2175 des Renners, kannte:
446 2191 926 2236 Singen, sagen und seiten clanc
452 2224 896 2269 üebent ir ampt gar âne danc.
330 2274 1176 2322 Früher verſuchten die jungen Lerchen ihre erſten
218 2316 1169 2368 Flüge in den alljährlich erſcheinenden Muſenalmanachen,
224 2360 1169 2413 darnach, als die Zeiten raſchlebiger wurden, in den illuſtrir⸗
221 2405 1170 2460 ten Wochenſchriften; die Muſenalmanache ſind entſchlafen,
218 2450 1172 2506 die illuſtrirten Unterhaltungsblätter verbitten ſich geradezu
218 2495 1160 2548 die Zuſendung von Gedichten. Statt der erſteren erhalten
222 2540 1160 2592 wir von Zeit zu Zeit ein Dichterbuch; diesmal eines von
219 2585 1157 2640 Max Kalbeck. Solche Sammlungen, meinte Höfer’s (jetzt
212 2631 1161 2683 entſchlafener) Literaturfreund, ‚ſind und bleiben, ohne daß
218 2678 1163 2730 auch der gewiſſenhafteſte Herausgeber dieſes abzuwehren
222 2724 1163 2778 im Stande iſt, die Sammelpunkte der Mittelmäßigkeit, ja
215 2767 1157 2818 die Armenhäuſer unſerer Poeſie; die Armen und kleinen
225 2813 1160 2865 ſind alle da und laſſen es ſich in ſo ungewohnter glänzender
212 2856 1154 2911 Umgebung außerordentlich wohl ſein; die Reichen machen
215 2903 1154 2956 nur einen Anſtandsbeſuch und ſpenden — nicht ſelten voll
218 2949 1154 3001 Mißmuth! — ein bischen verlegene oder abgelegene Waare.’
222 2994 1148 3045 Ein anderes Dichterbuch ſind die Dioskuren, ein litera⸗
222 3039 1160 3091 riſches Dichterbuch der öſterreichiſch⸗ungariſchen Monarchie.
207 3090 1158 3135 ‚In deinem Lager iſt Oesterreich.’ Daneben hat O. Blu⸗
210 3130 1158 3186 menthal den kühnen Gedanken zur Ausführung gebracht,
1257 1142 2219 1195 eine halbmonatlich erſcheinende Deutſche Dichterhalle
1266 1188 2216 1243 zu eröffnen (ſeit Oct. redigirt von Ernſt Eckſtein), die
1259 1233 2211 1285 vom gläubigen und moraliſchen Standpunkte aus das Ur⸗
1259 1279 2208 1335 theil der Verwerfung verdient, welches die Augsb. Poſtztg.,
1259 1324 2213 1375 allerdings mit ſtarkem Ungeſchick, gelegentlich darüber aus⸗
1257 1372 2214 1422 geſprochen hat. Ein Sängerkrieg eigenthümlicher Art ent⸗
1257 1414 2207 1470 faltet ſeine Banner in den beiden Sammlungen: Gegen
1257 1457 2214 1516 Rom hrsg. von Scherenberg, und Für Rom hrsg.
1259 1503 2201 1560 von L. v. Heemſtede. Wir leben einmal in aufgeregter
1251 1548 2216 1603 Zeit; aber trotzdem: nur ſelten, ſehr ſelten iſt die Zinne
1260 1590 2201 1648 der Partei ein geeigneter Standpunkt für das Banner der
1251 1631 2201 1693 Dichtkunſt. Wer zum Kampfe zuſammenbläſt, darf ja die
1250 1677 2205 1738 Auswahl unter den Kampfgenoſſen nicht zu ängſtlich treffen.
1358 1725 2201 1783 Unter den Herausgebern von Gedichtſammlungen be⸗
1251 1773 2205 1827 gegnen wir zunäch ſt alten Bekannten: Fr. Bodenſtedt er⸗
1245 1817 2198 1873 ſcheint mit einem neuen Liederbuch aus dem Nachlaſſe des
1257 1862 2196 1918 Mirza Schaffy und drängt zu der Frage, ob es gut gethan iſt,
1242 1904 2202 1962 den reichen Quell bis zum letzten Tropfen auszuſchöpfen;
1245 1952 2208 2007 Felix Dahn ließ ſeiner erſten Sammlung von Gedichten
1241 1995 2193 2049 eine zweite und dieſe in zwei Abtheilungen folgen; der Ge⸗
1250 2040 2205 2094 ſchichtſchreiber der gothiſchen und ſueviſchen Könige erſcheint
1241 2084 2195 2137 beſonders befähigt für Romanzen, Balladen und hiſtoriſche
1244 2128 2193 2181 Bilder. Nach dem Morgenlande weiſt A. F. v. Schack mit
1238 2172 2195 2224 den ‚Nächten des Orients’ hin; aber der Orient iſt nur
1244 2217 2190 2265 die Hülle, mit welcher der Dichter ſeine im Abendlande
1232 2260 2186 2307 ausgeſponnenen und gereiften Gedanken umgibt. A. Wil⸗
1241 2302 2183 2350 brandt der Dramatiker hat mit ſeinen Gedichten keine
1238 2346 2183 2397 neuen Lorbeeren errungen. Von neuauftretenden Dichtern
1242 2390 2186 2443 ſeien erwähnt M. Beilhack, der durch A. Träger einge⸗
1239 2435 2195 2490 führt wird, und K. Zettel, den H. Lingg unter ſeine
1241 2482 2189 2536 Flügel nimmt. In gläubigen Kreiſen ſuchen ihre Leſer:
1233 2526 2192 2581 Ludw. Grote, der auf ſeine ‚einſamen Lieder’ raſch ein
1241 2573 2180 2626 Bändchen Zeitgedichte unter dem richtig gefundenen Titel:
1244 2616 2177 2671 ‚Gegen den Strom’ folgen ließ; Ferd. Heitemeyer
1238 2663 2177 2715 (Gedichte), P. Sömer (Religiöſe Ged.), L. Lauffs
1235 2706 2186 2758 (Roſen und Lilien, ein Legendenkranz), J. P. Martin
1238 2753 2180 2803 (Mein Herz und ſeine Heimſuchungen), Ferdinande von
1235 2798 2193 2850 Brackel (Gedichte) und wohl auch Martin im Grund
1236 2843 1860 2895 (Diesſeits und jenſeits der Alpen). *)
1349 2940 2187 2992 *) In Gottſchall’s ‚Revue des Literaturjahres 1874’ wer⸗
1235 2976 2199 3033 den mehr als fünfzig (!) neue Gedichtſammlungen erwähnt,
1220 3012 2216 3061 darunter auch ‚Tropfen aus Mimer’, ‚das Paradies der Kron⸗
1226 3048 2183 3097 prinz Rudolfsbahn’, ‚weltſtürmende Dichterblitze für Selbſtmords⸗
1232 3084 2175 3135 candidaten’ (parodistisch). Wer zu den Leſern des Höfer’ſchen
1232 3120 2171 3169 ‚Literaturfreundes’ gehört hat, erinnert ſich dabei vielleicht fol⸗
1226 3157 2178 3210 gender pikanten Stelle: Als wir neulich einmal mit einem
