2364 3351
1167 127 1242 157 204
216 223 1170 259 Oberöſterreich — Dr. Auguſtin Reslhuber, geb. am 5. Juli
216 258 1163 295 1808. Im Jahre 1828 trat er in das Stift ein; ſpäter ſtudirte
209 295 1157 330 er drei Jahre an der Wiener Univerſität und hörte bei Ettings⸗
216 328 1158 366 hauſen und Littrow höhere Mathematik und Aſtronomie. 1847
210 361 1158 402 übernahm er die Direction der allgemein berühmten Sternwarte
213 397 1168 439 des Stifts, die in ihren weſentlichſten Theilen ſein Werk iſt,
210 435 1164 474 und war zugleich bis 1854 als Prof. der Naturgeſchichte thätig.
210 469 1163 510 Als er 1860 zum Abt gewählt wurde, behielt er doch die Lei⸗
210 505 1163 546 tung der Sternwarte bei. Seine Leiſtungen auf dem Gebiete
206 541 1154 582 der Aſtronomie, Meteorologie und des Magnetismus erwarben
203 579 1163 616 ihm allſeitige Anerkennung und vielfache Auszeichnungen. Die
216 615 1155 652 Akademie der Wiſſ. in Wien ernannte ihn 1853 zu ihrem correſp.
210 651 1160 688 Mitgliede u. die Wiener Univ. 1865 anläßlich ihres Jubiläums
219 687 1155 724 zum Ehrendoctor der Philoſophie. Auch dem politiſchen Leben
213 723 1161 760 blieb er nicht fremd; 1861 ſtand er in der Reihe der Vertreter
210 759 1164 796 des Großgrundbeſitzes im oberöſterreich. Landtage, wurde 1868
203 795 1155 832 zum Landeshauptmann⸗Stellvertreter für Oberöſterreich und im
203 831 1158 870 Dec. 1872 zum lebenslänglichen Mitglied des Herrenhauſes
207 867 1160 904 ernannt. — Am 1. Oct. ſtarb zu Schöpfloch in Franken Hein⸗
210 903 1166 940 rich Stadelmann, Prof. am Gymn. zu Speyer, ein feiner
203 939 1163 976 Kenner antiker Dichtung und Nachbildner derſelben in deutſchen
222 975 1157 1012 Verſen ( ‚Aus Tibur und Teos’, 1868) ſowie ein Meiſter lateiniſcher
203 1012 1154 1048 Verſification (Uebertragung von Goethe’s römiſchen Elegien und
203 1047 1157 1084 Anderes). Seine ‚Sionsgrüße’ bieten altchriſtliche lat. Hymnen
203 1083 1163 1120 in deutſchem Gewande. — Der Univerſität Freiburg wurde am
203 1119 1160 1155 3. Oct. einer ihrer ausgezeichnetſten Lehrer durch den Tod ent⸗
209 1153 1163 1192 riſſen, der Phyſiker Dr. Johann Müller, geb. am 30. April
212 1186 1151 1228 1809 zu Kaſſel, älteſter Sohn des als Galeriedirector zu Darm⸗
202 1222 1163 1264 ſtadt im J. 1835 verſtorbenen Hiſtorienmalers Franz Hubert
210 1255 1152 1299 Müller, Bruder der bekannten Düſſeldorfer Hiſtorienmaler Andreas
204 1293 1176 1335 und Karl Müller. Nachdem er ſich bereits früher durch einige
203 1332 1170 1371 mathematiſche Lehrbücher einen Namen gemacht hatte, trat er
1238 231 2193 268 1842, damals Reallehrer in Gießen, mit einem an Pouillet’s
1235 267 2192 303 Eléments de physique ſich anlehnenden ‚Lehrbuch der Phyſiik
1235 303 2192 339 und Meteorologie’ (2 Bde. mit Illuſtr.) auf, welches ſich
1238 339 2184 375 bei ſtreng wiſſenſchaftlichem Charakter durch die Anſchaulichkeit
1230 375 2187 409 ſeiner Darſtellung für Leſer von geringerer mathematiſcher Bil⸗
1244 411 2184 445 dung auszeichnet und in einer Reihe von Auflagen (7. Aufl.
1241 447 2190 480 1869) mit der Entwicklung der Wiſſenſchaft gleichen Schritt ge⸗
1238 483 2192 517 halten hat. Zwei Jahre nach dem Erſcheinen dieſes Buches
1241 517 2192 553 wurde Müller als Prof. der Phyſik an die Freiburger Hochſchule
1232 555 2195 589 berufen, welcher er ſeitdem ununterbrochen angehört hat. Dem
1238 589 2196 625 Lehrbuche folgte ein kurzgefaßter ‚Grundriß der Phyſik’ und
1247 624 2186 661 Meteorologie’ (11. Aufl. 1872), mit einem ‚Mathematiſchen
1235 660 2199 696 Supplementband’ nebſt ‚Auflöſung der Aufgaben’, ferner ‚Elemente
1232 696 2187 732 der ebenen und ſphäriſchen Trigonometrie’, ‚Grundzüge der
1235 730 2186 771 Kryſtallographie’ und ‚die conſtructive Zeichnenlehre’. Im J
1244 766 2193 804 1856 erſchien ein lange und ſorgſam vorbereitetes ‚Lehrbuch der
1238 804 2195 838 koſmiſchen Phyſik’ mit Illuſtrationen im Texte und einem Atlas.
1241 840 2199 876 Auch dieſes Werk, das geiſtig umfaſſendſte und formell vollendetſte
1247 876 2196 910 Erzeugniß der ſchriftſtelleriſchen Lehrthätigkeit Müller’s, iſt den
1247 912 2190 946 Fortſchritten der Wiſſenſchaft, insbeſondere auch auf dem Gebiete
1241 948 2195 982 der Spectralanalyſe, auf dem Fuße gefolgt, und bei ſtetiger
1235 984 2198 1020 Entwicklung in 4 Auflagen (4. Aufl. 1875) um das Doppelte
1232 1020 1835 1054 des urſprünglichen Volumens gewachſen.
1598 1144 1829 1177 Berichtigung.
1352 1198 2199 1234 Die in Nr. 8, Seite 153, Spalte 1, Anm. gebrachte
1245 1233 2195 1269 Mittheilung, daß die unter dem Titel ‚Iſt die kath. Kirche ſtaats⸗
1241 1270 2195 1306 gefährlich?’ erſchienene Ueberſetzung der Newman’ſchen Schrift
1236 1303 2207 1342 bereits vergriffen ſei und ein Neudruck veranſtaltet werde, beruht
1242 1341 1524 1377 auf einen Irrthum.
1073 1489 1361 1530 Büchertiſch.
359 1573 1024 1606 Encyclopädieen und Sammelwerke.
210 1612 1167 1647 Bibliothek, intern. wissensch. 16. Bd.: Die Chemie der Ge-
276 1648 1176 1686 genwart von J. P. Cooke. 8. Leipzig. Brockhaus.
278 1683 1177 1722 5 Mark, geb. 6. —
215 1720 1160 1755 Wurzbach, C. v., biographiſches Lexikon des Kaiſerthums Oeſter⸗
275 1755 1152 1791 reich. 30. Thl. gr. 8. Wien. Staatsdruckerei. 6. —
490 1802 890 1840 Katholiſche Theologie.
209 1843 1170 1878 Bibliothek der Kirchenväter, hrsg. v. V. Thalhofer. 149.
285 1878 1173 1917 150. Lfg.: Chryſologus, ausgew. Reden. 4. u. 5. Lfg.
282 1911 1166 1951 151. 152.: Athenagoras, ausgew. Schr. 13. u. 14.
291 1950 1167 1989 Lfg. — 153.: Clemens v. Alexandrien ausgew. Schr.
282 1986 1164 2023 3. Lfg. — 154.: Laktantius ausgew. Schr. 1. Lfg.—
291 2022 1167 2059 155. 156.: Baſilius ausgew. Schr. 1. u. 2. Lfg. —
296 2059 1166 2097 157. 158.: Die Briefe der Päpſte. 1. u. 2. Lfg.
294 2097 1166 2133 gr. 16. à —. 40
225 2133 1170 2170 Hettinger, F., Apologie des Chriſtenthums. 1. Bd. 1. u. 2.
281 2170 1161 2206 Abth. 5. Aufl. gr. 8. Freiburg. Herder. 8. —
212 2206 1163 2242 Mühlhauer, W., Thesaurus resolutionum s. c. concilii, quae
284 2242 1184 2278 consentanee ad Tridentinorum pp. decreta aliasque can.
281 2278 1176 2314 iuris sanctiones prodierunt usque ad a 1874. Tom. II.
281 2316 1175 2350 Fasc. 11. gr. 4. München. Stahl. 3. —
219 2350 1173 2385 — Supplementum ad decr. authentica congreg. sacr. rituum etc.
293 2386 1166 2425 Tom. I. Fasc. 7. gr. 8. Ebendas. 2. 50
212 2422 1173 2461 Schmitt, J., Erklärung des mittlern Deharbe’schen Katechismus.
272 2460 1160 2496 3. Bo. 1. Abth. gr. 8. Freiburg. Herder. 8. —
494 2514 900 2547 Akatholiſche Theologie.
218 2550 1166 2587 Corpus reformatorum. Vol. 42: J. Galvini Opp. quae
285 2586 1176 2623 supers. omnia. Ed. G. Baum, E. Cunitz, E. Reuss.
290 2622 1158 2656 Vol. XIV. gr. 4. Braunschweig. Schwetschke. 12. —
219 2655 1169 2692 Dächſel, A., die Bibel oder die ganze h. Schrift A. u. N. Teſta⸗
290 2692 1169 2728 ments. 10. 16. 23. 24. Heft u. Supplement  1 u. 2. (Doppel⸗
278 2727 1170 2764 Heft. Lex. 8. Breslau. Dülfer. à 1 Mark. Velinp. à 1. 40
222 2758 1173 2802 Frank, G., Geſch. der proteſt. Theologie. 3. Thl. gr. 8. Leipzig.
299 2797 1175 2836 Breitkopf u. Härtel. 8. —
228 2830 1173 2875 Haſe, K., Geſch. Jeſu. Nach akad. Vorleſungen. gr. 8. Ebendaſ.
1096 2877 1185 2904 9. —
216 2904 1167 2947 Heppe, H., Geſch. der quietiſtiſchen Myſtik in der kath. Kirche.
288 2940 1178 2980 gr. 8. Berlin. Beſſer. 9. —
216 2973 1170 3018 Riehm, E., die Meſſianiſche Weiſſagung. Ihre Entſtehung, ihr
284 3010 1176 3055 zeitgeſchichtl. Charakter u. ihr Verhältniß zur neuteſt. Er⸗
302 3049 1185 3091 füllung. gr. 8. Gotha. F. A. Perthes. 3. —
1241 1573 2218 1611 Zschimmer, W. A., Salvianus, der Presbyter v. Massilia,
1304 1611 2190 1650 und s. Schriften. 8. Halle. (Jena. Deistung.) 1. 50
1607 1654 1826 1699 Philoſophie.
1238 1701 2195 1735 Hartmann, E. v., J. H. v. Kirchmann’s erkenntnisstheore-
1323 1734 2207 1771 cischer Realismus. Ein krit. Beitrag zur Begründung des
1322 1768 2189 1807 transcendentalen Realismus gr. 8. Berlin. Duncker. 2. —
1248 1803 2208 1846 Hartsen, F. A. v., Grundriss der Philosophie. 1. Abth. gr.
1310 1839 2189 1882 8. Nordhausen. Förstemann 1. 50
1238 1875 2204 1915 Schmitz-Dumont, Zeit und Raum in ihren denknothwen-
1320 1911 2192 1953 digen Bestimmungen, abgeleitet aus dem Satze des Wider-
1320 1947 2180 1988 spruchs. I. gr. 8. Leipzig. Koschny. 2. —
1250 1983 2213 2026 Ulrici, H., Gott u. die Natur. 3. Aufl. gr. 8. Leipzig. Weigel.
2105 2030 2213 2062 15. —
1625 2059 1811 2106 Pädagogik.
1244 2101 2209 2146 Hartmann, E. v., zur Reform des höhern Schulwesens. gr.
1308 2136 2207 2179 8. Berlin. Duncker. 2. 25
1251 2173 2201 2215 Schmid, K. A., pädag. Handbuch. 2. Lfg. Gotha. Beſſer. 1. —
1574 2233 1889 2266 Naturwiſſenſchaft.
1248 2265 2202 2305 Altum, B., Forstzoologie. 3. Thl.: Insecten. 2. Abth. (Schluss).
1314 2302 2211 2341 gr. 8. Berlin. Springer. 8. —
1251 2337 2207 2380 Darwin, Ch., Reise e. Naturforschers um die Welt. gr. 8.
1320 2373 2187 2415 Stuttgart. Schweizerbart. 10. —
1245 2410 2208 2452 Hansen, P. A., über die Störungen der grossen Planeten,
1317 2445 2209 2486 insbes. Jupiter. Lex. 8. Leipzig. Hirzel. 6. —
1248 2484 2207 2523 Heis, E., Zodiacallicht-Beobachtungen in den letzten 29 Jah-
1319 2518 2184 2560 ren 1847–1873. gr. 4. Köln. Dumont-Schauberg. 2. —
1244 2557 2207 2595 Martin, Ph. L., die Praxis der Naturgesch. 1. Thl.: Paxi-
1322 2590 2211 2629 dermie. 2. Aufl. gr. 8. Mit Atlas. gr. 4. Weimar. Voigt. 6. —
1251 2626 2208 2667 Mietsch, H., Geologie der Kohlenlager. gr. 8. Leipzig. Quandt
1306 2664 2212 2702 u. Händel. 6. —
1248 2700 2208 2739 Mohr, F, Gesch. der Erde. Ein Lehrbuch der Geologie auf
1323 2736 2204 2776 neuer Grundlage. 2. Aufl. gr. 8. Bonn. Cohen. 10. 50
1242 2759 2214 2814 Pagenstecher, A., allg. Zoologie od. Grundgesetze des thie-
1314 2808 2211 2850 rischen Baues u. Lebens. 1. Thl. gr. 8. Berlin. Wiegandt,
1319 2845 2189 2886 Hempel u. Parey. 7. —
1260 2881 2211 2925 Perth, M., über das Seelenleben der Thiere. 2. Aufl. gr. 8.
1326 2919 2214 2958 Leipzig. Winter. 11. —
1247 2953 2213 2997 Radenhausen, C., Osiris. Weltgesetze in der Erdgeschichte.
1313 2991 2215 3031 2. Bd. gr. 8. Hamburg. Meissner. 10. —
1247 3027 2207 3070 Roscoe, H. E., kurzes Lehrbuch der Chemie. 5. Aufl. 8.
1316 3063 2199 3103 Braunschweig. Vieweg. 5. 50
426 3109 2015 3166 Verantwortlicher Redacteur Joſeph Köhler in Paderborn. Druck von Franz Joſ. Urlichs in Aachen.
