2364 3351
1170 68 1251 221 220
213 249 1170 285 Wyss, A., die Limburger Chronik untersucht. gr. 8. Marburg.
275 285 1164 321 Elwert. 2. 40
210 324 1173 355 Zeller, E., Vorträge u. Abhandlungen geschichtl. Inhalts. 2.
278 359 1171 394 Aufl. gr. 8. Leipzig. Fues. 8. —
402 430 978 465 Geographie. Reiſen. Karten.
204 486 1163 520 Atlas, topographischer, der Schweiz. 7. Lfg. qu. gr. Fol.
288 519 1152 555 Bern. Dalp. 12. 80
204 555 1165 592 Barker, Lady, Stationsleben auf Neu⸗Seeland. 8. Coburg.
262 594 1152 627 Sendelbach. 3. 50
204 630 1160 664 Farenheid, F. v., Reiſe durch Griechenland, Kleinaſien, die
272 667 1164 700 troiſche Ebene, Conſtantinopel, Nom u. Sicilien. gr. 8.
281 702 1170 738 Königsbg. Hartung. 8. —
200 739 1151 772 Hauslab, Erdkarte mit d. Horizontal-Schichten. Chromolith.
281 777 1157 808 qu. gr. Fol. Wien. Artaria. 1. 20
209 810 1148 844 — Karte v. Mittel- u. Süd-Europa m. Horizontal-Schichten
263 847 1162 880 nach Steinhauser. Schwarz mit Curven. qu. gr. Fol.
290 882 1154 918 — 80 Mark, in Tondruck 1. 20
200 919 1151 952 Kiepert, H., Karte d. russischen Reichs in Europa. 4. Aufl.
273 957 1152 990 6. Blatt. Lith. u. color. qu. gr. Fol. Berlin. D. Reimer.
1065 990 1163 1024 10. —
213 1027 1151 1060 — Wandkarte d. deutschen Reiches. 1: 750,000. 9 Blatt.
269 1062 1164 1096 Lith. u. color. 4. Aufl. qu. gr. Fol. Ebendas. 10. —
194 1099 1146 1132 Klipstein, A. v., Beiträge zur geolog. u. topograph. Kennt-
269 1135 1155 1171 niss der oestl. Alpen. 2. Bd. 2. Abth. gr. 4. Giessen.
266 1170 1156 1204 Ricker. 5. —
195 1206 1165 1240 Müller, A., orohydrograph. Schul-Atlas über alle Theile d.
266 1240 1152 1279 Erde in 20 Karten nach Reliefs. gr. 4. Weimar. Photo-
272 1276 1154 1312 lithogr. Institut. 2. 50
191 1311 1146 1348 Nordpolarfahrt, die zweite Deutſche, in den J. 1869 u. 70
263 1350 1164 1384 unter Führung des Kapitäns Karl Koldewey. Volksausg.
266 1385 1162 1419 4. Lfg. gr. 8. Leipzig. Brockhaus. 1. —
191 1420 1145 1455 Payer, J., die öſterreich⸗ungariſche Nordpol⸗Exp. in den Jahren
257 1456 1149 1489 1872–74. 1. Lfg. gr. 8. Wien. Hölder. —. 50
210 1494 1149 1531 Pyl, Th., Vom Hildageſtade. Heimatsbilder. gr. 8. Greifswald.
264 1529 1152 1563 Bindewald. 3. —
191 1566 1152 1599 Rohlfs, G., Beiträge zur Entdeckung und Erforſchung Afrika’s.
266 1603 1148 1635 Berichte aus d. J. 1870—75. 8. Leipzig. Dürr. 4. 50
192 1641 1152 1672 Rulf, G. u. A. Müller, Deutschland nach e. Relief von C.
261 1677 1145 1708 Raaz. Photolithogr. 14. Aufl. 12 BI. Imp.-Fol. Ebendas.
266 1707 1139 1744 9 Mark. auf Leinw. 16. —
182 1743 1142 1776 Schiff, Th., Aus halbvergessenem Lande. Culturbilder aus
263 1777 1163 1812 Dalmatien. Lex. 8. Wien. Klič u. Spitzer. 5. —
197 1815 1148 1848 Schweinfurth, G., Artes Africanae. Abbildungen und Be-
257 1851 1158 1882 schreibungen von Erzeugnissen des Kunstfleisses central-
263 1888 1154 1920 afrik. Völker. Deutsch und englisch. Fol. Leipzig. Brock-
263 1924 1154 1957 haus. cart. 24. —
183 1962 1149 1993 Steinhauser, A., physikalische Karten. Nr. 9: Pendelkarte.
263 1998 1139 2032 qu. Fol. Wien. Artaria. 1. —
353 2061 980 2094 Kunſtwiſſenſchaft. Kunſtgeſchichte.
182 2118 1146 2151 Lobe, J. C., Lehrbuch der musik. Composition. 3. Thl. 2.
260 2151 1154 2188 Aufl. gr. 8. Leipzig. Breitkopf u. Härtel. 13. 50
191 2190 1148 2224 Quellenschriften für Kunstgesch. n. Kunsttechnik d. Mittel-
251 2227 1139 2260 alters u. d. Renaissance, Hrsg. v. R. Eitelberger v.
260 2260 1137 2296 Edelberg. IX. u. X. gr. 8. Wien. Braumüller. 11. —
182 2298 1152 2332 Woermann, K., die Landschaft in der Kunst der alten
260 2334 1161 2371 Völker. Lex. 8. München. Ackermann. 12. —
305 2493 1023 2529 Beſonders zu Feſtgeſchenken empfohlen!
350 2580 1083 2614 Soeben erſchien in unſerem Verlage und iſt vor⸗
237 2616 719 2653 räthig in allen Buchhandlungen:
321 2707 1005 2743 Blätter im Winde.
569 2764 767 2794 Novellen von
383 2821 948 2856 Eufemia Gräfin Balleſtrem.
444 2880 875 2911 Preis elegant geb. 4½, Mark,
269 2926 1047 2965 in feinem Callicoband gebunden 6 Mark.
180 3012 1079 3048 G. P. Aderholz’ Buchhandlung in Breslau.
1352 255 2206 294 In der Herder’ſchen Verlagshandlung in Freiburg im
1241 292 2189 328 Breisgau iſt erſchienen und durch alle Buchhandlungen zu beziehen:
1245 354 2190 388 Vering, Dr. Fr. H., Lehrbuch des kath.
1244 406 2194 442 und proteſtantiſchen Kirchenrechts, mit beſonderer Rückſicht auf
1244 442 2180 478 das Vatikaniſche Concil, ſowie auf Deutſchland, Oeſterreich und
1235 480 2174 514 die Schweiz. Zweite Abth. gr. 8⁰. (S. 240 bis 560. M. 4.80.
1349 516 2187 552 Dieſe zweite Abtheilung enthält: 1) den Schluß der
1235 550 2183 586 Quellen und äußeren Rechtsgeſchichte des Kirchenrechts, ſchildert
1235 588 2186 622 aktenmäßig die gegenwärtigen ſtaatskirchlichen Verhältniſſe Oeſter⸗
1235 624 2177 658 reichs und der Schweiz, ſodann die heutigen Quellen des katho⸗
1238 660 2187 696 liſchen und proteſtantiſchen Kirchenrechts im Einzelnen, wobei
1229 694 2183 730 unter Anderem auch die Lehren vom Gewohnheitsrecht, von den
1235 732 2189 766 bürgerlichen Geſetzen als Quelle des Kirchenrechts und vom Ver⸗
1226 766 2177 802 faſſungseid, ſowie von den Concordaten, und bei den Concilien
1236 801 2177 838 das Vatikaniſche Concil abgehandelt werden. Die einzelnen
1235 838 2197 874 Schlüſſe des Vaticaniſchen Concils, die Entwürfe ſolcher, auch
1232 874 2186 909 die von der vorberathenden kirchlich⸗politiſchen Commiſſion vor⸗
1229 909 2177 946 bereiteten und die von Concilsvätern geſtellten Anträge ſind
1227 948 2177 982 jedesmal bei der betreffenden Materie verzeichnet. Ferner ent⸗
1238 982 2174 1018 hält dieſe zweite Abtheilung: 2) den größten Theil des kirchlichen
1229 1018 2177 1054 Verfaſſungsrechts; die kirchliche Verfaſſung im Allgemeinen, wo⸗
1230 1053 2174 1093 bei auch die ſogen. Altkatholikenfrage ſehr eingehend erörtert iſt,
1223 1090 2180 1128 ſodann die Lehre vom geiſtlichen Stande und den Kirchenämtern
1224 1126 2177 1162 (dabei auch von dem Patronatsrecht); und endlich von den Or⸗
1219 1162 2177 1198 ganen der Kirchengewalt im Einzelnen (vom Papſte und der
1223 1198 2174 1234 römiſchen Curie, den Metropoliten, den Biſchöfen, den Domcapiteln
1233 1233 2172 1270 und Stiften, den Chor⸗ und Weihbiſchöfen und den Coadjutoren),
1223 1269 2177 1306 überall mit beſonderer Rückſicht auf die Verhältniſſe der Gegenwart.
1337 1306 2186 1342 Den Schluß des ganzen Werkes wird eine gegen Ende
1224 1338 2039 1378 dieſes Jahres erſcheinende dritte Abtheilung enthalten.
1332 1405 2177 1446 In der Herder’ſchen Verlagshandlung in Freiburg im
1226 1443 2180 1480 Breisgau iſt erſchienen und durch alle Buchhandlungen zu beziehen:
1226 1503 2171 1540 Räß, Dr. A., Biſchof von Straßburg, Die Con⸗
1293 1566 2168 1606 vertiten ſeit der Reformation, nach
1223 1623 2168 1657 ihrem Leben und aus ihren Schriften dargeſtellt. Erſter bis
1230 1660 2157 1695 zehnter Band: Vom Anfang der Reformation bis 1798. gr. 8⁰.
1210 1693 2169 1728 (Jeder Band circa 40 Bogen.) à M. 7. 20. — Perſonen⸗ und
1217 1728 2168 1765 Sachregiſter zu den zehn erſten Bänden. gr. 8⁰. (VIII u. 172 S.)
1223 1758 2166 1800 M. 2.40. — Elfter Band. (Erſter Nachtrag.) Vom Anfange der
1292 1797 2186 1837 Reformation bis 1566. gr. 8⁰. (VIII u. 522 S.) M. 7.20. —
1220 1833 2184 1870 Zwölfter Band. (Zweiter Nachtrag.) Von 1566—1800. gr. 8⁰.
1211 1866 2163 1912 (X u. 570 S.) M. 7.20. — Preis des vollſtändigen Werkes,
1223 1901 1521 1936 13 Bände: M. 88.80.
1330 1939 2158 1983 Jede Buchhandlung liefert einzelne Bände zur Anſicht.
1338 1977 2174 2019 Die ‚Köln. Volksztg.’ ſagt über dieſes bedeutende Werk:
1223 2013 2172 2056 ‚Erhebt uns ſchon jede objectiv gehaltene Lebensbeſchreibung auf
1224 2049 2163 2092 einen höheren Punkt der hiſtoriſchen Betrachtung und führt ſie
1227 2085 2165 2128 uns aus der gründlichen Kenntniß des Speciellen in das tiefere
1224 2121 2163 2164 Verständniß des Geiſtes ein, welcher in der Geſchichte waltet,
1212 2157 2168 2199 ſo ſehen wir bei den Lebensbildern der Convertiten die theologiſche
1224 2193 2166 2233 Controverſe gleichſam in der geſchichtlichen Entwickelung eines
1224 2229 2168 2269 Menſchengeiſtes warm und lebendig an uns vorübergehen. Das
1224 2266 2172 2307 in großartigem Maßſtab angelegte Werk des Hrn. Biſchofs von
1230 2301 2165 2344 Straßburg ſoll bis auf unſere Tage herabreichen und beſchäftigt
1213 2338 2165 2380 ſich vornehmlich mit jenen Männern, welche ihre Bekehrungs⸗
1230 2376 2174 2418 gründe entweder in beſondern Schriften und Briefen oder auch
1218 2412 2165 2452 in einem oder dem anderen Hauptſtücke eines größeren Werkes
1218 2448 2165 2488 direct oder indirect dargelegt haben. Neben den autobiographiſchen
1220 2485 2165 2524 Mittheilungen ſind die ſonſtigen beſten Quellen benutzt und auch
1220 2523 2171 2560 namentlich die Zeugniſſe der Gegner berückſichtigt, wodurch die
1217 2560 2163 2596 biographiſche Schilderung ebenſo viel an Unmittelbarkeit gewinnt,
1215 2595 1973 2632 als ihr der Stempel der Wahrheit aufgedrückt iſt.
1328 2677 2178 2716 In der C. F. Winter’ſchen Verlagshandlung in Leipzig
1202 2715 1517 2749 iſt ſoeben erſchienen:
1446 2856 1943 2893 Sophokles.
1361 2932 2030 2968 Deutſch in den Versmaßen der Urſchrift von
1536 2989 1863 3025 J. J. C. Donner.
1289 3040 2102 3082 Achte Auflage. Zwei Bände. 8. geb. 6 Mark 60 Pfg.
1373 3085 2010 3121 In Leinwand gebunden 7 Mark 50 Pfg.
380 3144 1965 3186 Verantwortlicher Redacteur Joſeph Köhler in Paderborn. — Druck von Franz Joſ. Urlichs in Aachen.
