2364 3351
1166 56 1247 209 198
240 243 853 276 S. 142: Hochſommer iſt’s, die Melodien
377 279 911 310 Der Nachtigall ſind nun verklungen,
387 315 914 346 Sie muß zum Neſt im Flieder hin,
387 348 941 382 Da ſperrn die Schnäbel ihre Jungen.
387 384 932 418 Schon wird die Roſe blaß und matt,
383 420 1017 454 Die heißen Sonnenpfeile ſchießen
374 454 942 490 Ihr aus dem Kelche Blatt auf Blatt,
386 492 998 525 Und laſſen ſie im Winde fließen.
383 528 910 561 Vom Himmel tief die Wolke hängt,
374 562 986 598 Es rollt und blitzt aus dunklen Streifen,
375 602 886 635 Und Alles rüſtet ſich und drängt,
380 637 849 670 Die angeſetzte Frucht zu reifen;
371 670 900 706 Noch ſelber grün im grünen Laube
380 707 946 742 Verbirgt und ründet ſich die Birne,
374 743 1177 778 Doch leckt der Fuchs ſchon nach der Traube
377 778 1134 813 Und lauſcht, ob bald der Saft ſich firne.
384 815 967 850 Nun prüft der Landmann ſein Geräth,
377 853 957 886 Das Ernteſeil und Zaum und Trenſe,
377 886 900 922 Und wer im letzten Herbſt gemäht,
387 924 990 957 Nimmt von der Wand die breite Senſe.
374 961 828 994 Noch iſt nicht große Erntezeit.
371 1032 867 1068 Doch auf der Wieſe ellenlang
384 1066 851 1102 Des Graſes fette Halme ſtehen,
377 1105 998 1138 Da ſieht man jetzt mit Sang und Klang
378 1143 900 1174 Die Schnitter an die Arbeit gehen.
381 1213 900 1245 Wenn Roſenhauch und Veilchenduft
371 1246 971 1282 Mir wie ein Gruß der Liebe ſchmeichelt,
381 1282 1017 1318 Wenn mich die ſanft bewegte Luft
383 1315 1071 1353 Mit weichen Wohlgerüchen ſtreichelt,
380 1351 1043 1386 Dann komm auch du heran und ſtreu
380 1387 971 1420 Mir deinen Duft, o Wieſenheu!
329 1423 1166 1462 Damit hat man von der Wolff’ſchen Lyrik und Na⸗
218 1465 1175 1506 turpoeſie genug. Daß die Diction nirgends in’s Seichte
221 1513 1175 1552 und Flache umſchlagen kann, weil ſie ſich darüber nie
215 1560 1175 1597 erhebt, kann man an vorſtehenden Proben auch ſchon
219 1605 1173 1642 merken. Nun aber Tills Reden, die ja die Hauptſache ſind.
212 1653 1164 1690 Man kann lange ſuchen, ehe man eine Trivialität als
225 1698 1173 1734 Poeſie gedruckt findet, wie z. B. folgenden Sermon Till’s,
215 1740 1178 1777 in dem er den ‚Dichter’ anleitet, ſelbſt zu finden, wo er
218 1788 498 1819 augenblicklich iſt:
243 1827 945 1860 S. 101: Merk dir aus meinen Wanderjahren,
384 1863 891 1894 Was oft erprobt ich und erfahren.
377 1899 902 1933 Wenn du einmal zu Fuß, zu Roß,
378 1935 842 1969 Ob einſam, ob mit Dienertroß,
374 1971 865 2005 Mit viel Geld oder wenig reiſt,
377 2008 953 2041 Und wo du biſt, oft ſelbst nicht weißt,
374 2046 884 2077 Wie weit von Haus, wo ungefähr
384 2082 1005 2115 Das Städtchen liegt, wie nah dem Meer,
374 2119 938 2151 An welchem Fluß und Berg, kurzum,
383 2154 809 2188 Wo augenblicks du ſo herum
384 2191 858 2224 Im Vaterland ich juſt befindeſt
371 2228 1016 2260 Und nach der Himmelsgegend windeſt, —
378 2261 846 2296 Geb ich dir eine gülden Lehr’,
381 2298 879 2332 Untrüglich ſchier, die halt in Ehr.
374 2330 1015 2368 Im Wirthshaus, in der Schenken Stube,
381 2367 1074 2404 Da wo — gleich Herr! — des Schenken Bube
380 2406 950 2440 Den Blanken und den Trüben ſchenkt,
378 2443 927 2476 Und wo die Zeitung liegt, da hängt,
381 2480 872 2512 Wenn’s iſt ein reputirlich Haus,
371 2515 885 2548 Rechts oder links, ſonſt gradeaus,
380 2551 840 2584 Am Ofen, an der Fenſterwand
377 2589 843 2620 Die Karte von ſothanem Land.
389 2658 915 2694 So ziemlich in des Zimmers Mitte
381 2692 990 2730 Stell dich, doch mindeſtens vier Schritte
383 2728 960 2764 Tritt von der Wand zurück und ſchau
386 2766 861 2800 Die Karte an, daß grau in grau
371 2802 995 2836 Die Ebne, Berg und Fluß verſchwimmt;
387 2838 906 2872 Da zeigt ſich deutlich und beſtimmt
378 2874 971 2908 Fast groſchengroß ein ſchwarzer Tüpfel,
390 2907 870 2943 Wie eines hohen Berges Gipfel.
383 2941 998 2980 Nun dicht heran! Wie dir die Schuppen
392 2976 969 3016 Jetzt von den Augen fall’n! entpuppen
390 3012 987 3051 Wird ſich der Berg, der ſchwarze Punkt,
392 3049 870 3087 Der wie ein Chimborazzo prunkt,
386 3085 878 3124 Als jener Ort, woſelbst du ſtehſt,
377 3121 903 3160 Nach dem du auf der Karte ſpähſt.
1412 273 1870 304 So findeſt ſicher du die Stelle,
1407 307 1884 340 Die von des Kartenplanes Helle
1403 345 1968 378 Sich ſchwarz und dunkel unterſcheidet,
1398 381 1979 415 Auf der manch Finger ſchon geweidet.
1403 453 1992 486 Am Ort, deſſ’ Name ſchwarz umrandet,
1409 490 1923 523 Da biſt du glücklich nun gelandet.
1350 574 2195 610 Dreißig Verſe dieſes Sermons ſind überſchlagen,
1242 618 2204 655 und der Abdruck der andern findet ſeine Entſchuldigung
1254 663 2202 700 nur darin, daß man dadurch begreift, mit welchem Ge⸗
1233 709 2199 745 ſchreibsel Wolff ſeine 196 Seiten füllt. — Geradezu eine
1256 753 2199 790 Prämie könnte man ausſetzen für jeden, der etwas noch
1250 798 2205 835 Banaleres ausfindig machte, als folgende Reimerei, die
1247 843 2205 880 doch einen Hauptknotenpunkt des ganzen Opus darſtellt.
1245 889 2210 925 Wo die Braut ſich aufhält, wollen die beiden ausfindig
1248 937 1911 970 machen. Sie ſetzten ſich auf einen Stein,
1260 987 1968 1021 S. 117: Der ſchon vom warmen Sonnenſchein
1407 1023 1883 1057 Getrocknet war, und ein Papier
1403 1059 1890 1098 Zog Till hervor: Ich habe hier
1404 1093 1967 1129 Das neu’ſte Kreisblatt mitgenommen,
1415 1131 1911 1165 Das wollen wir einmal studiren,
1403 1167 1838 1200 Was hier die Leute inſeriren,
1410 1200 2027 1237 Und ob wir auf die Spur nicht kommen,
1404 1239 1872 1273 Die jetzt mit Energie und Liſt
1407 1270 1914 1309 Von hier aus zu verfolgen iſt.
1419 1302 1950 1344 Heirathsgeſuch — Geſunde Amme —
1412 1338 1966 1380 Miſſionsverein — Gemeindetrift, —
1409 1380 2115 1416 Ganz trocknes Holz (vom Fichtenſtamme?)
1412 1412 1952 1450 Geſundheitskaffee — Rattengift —
1415 1450 1946 1486 Halt! hier! Ein Medaillon verloren
1409 1485 1953 1521 Iſt auf dem Wege von den Thoren
1403 1521 1998 1557 Der Stadt bis hin zum Gute Raben,
1406 1555 1854 1596 In Diamanten drauf erhaben
1415 1596 1929 1632 M. B. verſchlungene Lettern treten,
1410 1632 1926 1669 Ehrlicher Finder wird gebeten —
1410 1669 1920 1705 Na und ſo weiter. Da der Name
1409 1703 1906 1738 Der Unterſchrift nicht B. anhebt,
1427 1738 1851 1771 Iſt’s alſo eine fremde Dame,
1412 1773 1848 1807 Die jetzt auf jenem Gute lebt
1410 1809 1903 1843 Und da M. B. dein Engel heißt,
1421 1848 1925 1879 Ist hundert gegen eins zu wetten:
1410 1882 1917 1915 Sie iſt’s, und da wird hingereiſt.
1356 1932 2208 1965 Das iſt Tills Redivivi Witz und Spaß. Und nun
1235 1975 2215 2011 erſt ſein Ernſt? Das Beſte davon ſoll nach ſeinen Empfeh⸗
1247 2022 2207 2058 lungsbriefen die Rede ſein, die ihm der Unmuth beim An⸗
1253 2068 2208 2103 blick eines, zur Abwechſelung evangeliſchen, Geiſtlichen ent⸗
1253 2113 2210 2149 reißt. Sie iſt ſechs Seiten lang. Zu guter Letzt einige
1243 2158 2213 2193 Kraftſtellen daraus herzuſetzen, mag Angeſichts der über
1253 2205 2120 2239 ſie gefällten Urtheile der Preſſe verzeihlich erſcheinen.
1269 2254 2033 2290 S. 149. Langſam, wie man den Fuß in Träumen
1409 2293 1925 2325 Nur zögernd vor den andern ſetzt,
1412 2328 1905 2362 Daher mit würdevollem Säumen
1416 2367 1830 2400 Kam eine Kirchenſäule jetzt;
1410 2437 1989 2470 Kein Truthahn kann vor rothem Tuch
1409 2472 1923 2506 Aufkollernd ſo in Wuth gerathen,
1415 2508 1971 2541 Wie auf den Mann mit ſeinem Buch
1419 2545 1923 2578 Till Eulenſpiegel; als wir nahten,
1412 2580 2013 2614 Wollt er mir aus dem Wagen ſpringen,
1413 2616 2004 2652 Kaum konnt ich mit Gewalt ihn zügeln
1409 2652 1995 2688 Und mußte mannhaft mit ihm ringen;
1403 2688 2037 2727 ‚Laß mich heraus, den muß ich prügeln!’
1419 2761 1905 2797 Mit jeder Waffe will ich fechten,
1412 2796 1976 2835 Mit Vorurtheil und Irrthum rechten
1418 2868 1943 2905 Doch von dem Tiſche ſteh’ ich auf,
1418 2902 1979 2943 Wie ich auch ſelber fehl’ und ſünd’ge,
1412 2939 2025 2977 An den ein Frömmler tritt, und künd’ge
1413 2976 1923 3019 Ihm menſchliche Gemeinſchaft auf.
1409 3048 2028 3087 Fort mit dem Dogma, das den Stempel
1415 3085 1979 3123 Nicht des Vernünft’gen an ſich trägt!
1410 3123 1917 3160 Fort mit Artikeln, Sakramenten!
