2364 3351
1133 141 1193 174 254
174 252 1124 289 nennen als einen derjenigen, welche er in der vorliegenden
176 297 1121 334 Frage ſo energiſch bekämpft. Nichtsdeſtoweniger muß ich
168 342 1124 378 bekennen, daß die Anſchauungen, auf welchen mein mit
171 387 1118 421 Calderon’s Luſtſpiel ‚Die Dame Kobold’ (Wien, Sar⸗
164 432 1118 468 tori, 1869) gemachter Verſuch beruht, auch jetzt noch, und
161 477 1118 511 auch durch Lorinſers gegenwärtige, ſo verdienſtvolle Arbeit
170 523 1121 556 bei mir nicht erſchüttert ſind. Ich halte es für unmöglich,
161 567 1115 601 daß ein Drama, welchem der kurze vierfüßige Trochäus
158 612 1116 646 als weſentliche Form zu Grunde liegt, jemals in deutſcher
180 658 1116 693 Sprache vollſtändig fließend und geläufig wiedergegeben,
167 702 1128 738 geſprochen und aufgeführt werde; ich halte das deutſche
162 747 1122 783 Ohr für unfähig, die ſpaniſche Aſſonanz bei deutſchen Wor⸗
161 793 1118 826 ten zu verſtehen und zu genießen, und ich halte es endlich
159 837 1122 871 für eine ſchlechthin unerfüllbare Forderung, alle die kunſt⸗
167 882 1121 916 reichen und ſchwierigen poetiſchen Formen Calderon’s in
167 928 1122 963 ſchönem und ungezwungenem Deutſch wiederzugeben.
1307 249 2154 283 Allein ich will hier nicht ſtreiten; ſehr möglicher
1194 295 2160 327 Weiſe beruht meine Anſicht nur auf dem Umſtand, daß ich
1203 339 2151 375 die Sache zwar verſucht habe, jedoch zu ungeſchickt und zu
1203 384 2160 420 wenig ſprachgewandt war, um ſie auch nur zu meiner eige⸗
1194 429 2163 466 nen Zufriedenheit fertig zu bringen. An dem wahren
1187 472 2151 508 und großen Verdienſte des Lorinſer’ſchen Unternehmens
1190 519 2160 555 ſoll durch obige Bemerkungen nicht im Geringſten gemäkelt
1193 564 2163 600 werden. Ich wünſche der Sammlung den glänzendſten
1212 610 2148 646 Erfolg und die weiteſte Verbreitung; ſie kann, wo immer
1209 655 2154 691 ſie geleſen wird, nur Gutes wirken, und wenn die Leſer
1193 699 2148 738 zu der Ueberzeugung kommen ſollten, daß meine ſprach⸗
1199 744 2148 780 lichen und metriſchen Bedenken nicht begründet ſind, dann
1203 787 2151 823 wird Niemand eine aufrichtigere Freude empfinden, als
1199 838 1338 871 ich ſelbſt.
1301 879 2054 918 Conſtanz. Baumſtark.
1019 1068 1310 1099 Nachrichten.
260 1123 1116 1156 — Der rühmlichſt bekannte Grundriß der ‚Metaphyſik
158 1159 1132 1191 von Dr. G. Hagemann iſt in der ſo eben erſchienenen drit⸗
162 1194 1122 1228 ten Auflage (Freiburg, bei Herder) um einen Druckbogen ver⸗
164 1230 1122 1263 mehrt. Das Ganze iſt von neuem ſorgfältig durchgearbeitet; eini⸗
161 1264 1122 1299 ges verkürzt, anderes erweitert; Veränderungen und Erweite⸗
155 1300 1113 1333 rungen finden ſich u. a. bei der Behandlung des Accidens im
155 1335 1125 1368 Verhältniß zur Subſtanz, der Darwin’ſchen Theorie, des Ma⸗
156 1371 1116 1402 terialismus, des teleologiſchen Gottesbeweiſes, des Schöpfungs⸗
165 1405 1116 1438 werkes. Ueberall iſt das Streben größerer Deutlichkeit und Be⸗
148 1440 475 1477 ſtimmtheit erkennbar.
267 1476 1112 1509 — Das Shakespeare-Lexicon von Alexander
165 1513 1118 1549 Schmidt (a complet Dictionary of all the english words,
161 1551 1125 1584 phrases and constructions in the works of the poet), eine
162 1588 1122 1621 Leiſtung erſten Ranges, iſt mit dem ſo eben erſchienenen zweiten
158 1626 581 1659 Bande vollſtändig geworden.
244 1662 1110 1695 — (Perſonalnotizen.) Von Marburg aus wurde
156 1698 1116 1731 kürzlich der Tod des dortigen Profeſſors der Philoſophie Dr.
159 1731 1123 1765 Friedrich Albert Lange (geb. am 28. Sept. 1828) gemel⸗
162 1764 1112 1798 det. Von ſeinem Hauptwerke: ‚Geſchichte des Materialismus
156 1800 1109 1834 ſeit Kant und Kritik ſeiner Bedeutung in der Gegenwart’ 3 Bde.
162 1836 1110 1869 liegt ſeit kurzem die bedeutend vergrößerte zweite Auflage vollſtändig
159 1870 1106 1906 vor. (3 Bde. 1873–75). Das Werk bietet ein äußerſt fleißig
158 1908 1106 1942 zuſammengetragenes reiches Material, literärgeſchichtliches und
167 1944 1110 1978 laturwiſſenſchaftliches. Der Verf. will nicht Materialiſt ſein,
158 1981 1107 2013 aber ſein Buch dient wie kaum ein anderes der Verbreitung
155 2017 1115 2050 materialiſtischer Anſchauungen. Der Materialismus gilt ihm
156 2053 1113 2086 als allein berechtigtes methodologiſches Princip in der Erfor⸗
144 2089 1110 2122 ſchung der Natur; als abſchließende Weltanſicht will er ihn ei⸗
161 2125 1115 2158 nerſeits durch einen theoretiſchen Scepticismus, andererſeits
155 2160 1113 2196 durch die Würdigung der Poeſie und der — freilich lediglich
152 2199 1107 2230 ſubjectiv verſtandenen — Religion, als gleichberechtigter Erzeug⸗
162 2233 1107 2268 niſſe der menſchlichen Geſammtorganiſation überwinden. Wo das
162 2269 1107 2304 Werk auf poſitive Religion und deren Inſtitute zu reden kommt,
152 2305 1113 2340 wird es zum haßerfüllten Pamphlet. — Am 24. Nov. entriß
159 2340 1110 2376 der Tod der Kirche einen ihrer erleuchteteſten, frömmſten und tha⸗
159 2376 1113 2412 tenreichſten Würdenträger, dem öſterreich. Kaiſerſtaate einen ſei⸗
156 2410 1110 2448 ner edelſten Patrioten, der Wiſſenſchaft eine ihrer hervorragenſten
164 2448 1113 2487 Zierden — den Cardinal Fürſterzbiſchof von Wien Joſeph
158 2482 1107 2520 Othmar Ritter von Rauſcher. Der Verewigte war am
152 2517 1113 2556 6. October 1799 zu Wien geboren. Nach Vollendung der Gym⸗
155 2554 1116 2593 naſialſtudien machte er einen juriſtiſchen Curſus durch, und wid⸗
1190 1116 2154 1155 mete ſich dann mit glänzendem Erfolge der Theologie und Phi⸗
1200 1152 2150 1191 loſophie neben welchen er mit Vorlieben das geſchichtliche Fach
1197 1188 2154 1227 cultivirte. Am 21. Aug. 1823 zum Prieſter geweiht, wirkte er
1200 1225 2148 1264 zunächſt faſt zwei Jahre als Seelſorger in Hütteldorf, worauf
1186 1261 2157 1297 er zum Profeſſor der Kirchengeſchichte und des Kirchenrechts in
1194 1297 2151 1332 Salzburg ernannt wurde. In dieſer Sellung veröffentlichte er
1188 1330 2154 1369 (1829) zwei Bände einer nach großem Plane angelegten Kir⸗
1197 1366 2159 1405 chengeſchichte, mit denen er bis auf die Zeit Juſtinianz hin⸗
1199 1404 2154 1438 abgelangte. An der Fortſetzung dieſes Werkes wurde er durch
1188 1438 2148 1471 die 1832 erfolgende Berufung zum Director der k. k. orientaliſchen
1203 1473 2148 1507 Akademie gehindert. Am 15. April 1849 wurde er zum Fürſt⸗
1197 1509 2165 1543 biſchof von Seckau (Graz) conſecrirt, am 15. August 1858 auf
1203 1545 2154 1579 dem erzbiſchöflichen Stuhle von Wien inſtallirt. Hatte er ſchon
1196 1584 2148 1617 früher ſeinen Einfluß geltend gemacht, um die Kirche aus den
1202 1618 2144 1656 Feſſeln des Joſephinismus zu befreien, ſo verdoppelte er nun
1188 1654 2142 1692 ſeine Bemühungen in dieſer Richtung. Das Concordat von 1855
1191 1690 2154 1726 war hauptſächlich ſein Werk; er war daher ſeit dem Abschluſſe
1191 1726 2151 1761 desſelben auch unaufhörlich die Zielſcheibe der Beſchimpfungen
1190 1761 2147 1795 und Verdächtigungen von Seiten der liberalen Parteien. 1859
1188 1795 2148 1828 verſammelte er ein Provincialconcil, um eine Reform ſeiner
1196 1831 2150 1864 Kirchenprovinz im Sinne des Concordats und der canoniſtiſchen
1194 1869 2151 1899 Satzungen in’s Werk zu ſetzen. Als im J. 1867 die Schul⸗
1194 1905 2142 1936 und Ehegeſetze discutirt wurden, vertrat er mit den übrigen
1188 1941 2142 1972 Biſchöfen den kirchlichen Standpunkt in wiederholten Adreſſen
1184 1975 2141 2011 an den Kaiſer. Er brachte es zu Stande, daß die Maigeſetze
1191 2011 2148 2047 des J. 1874 nicht ein Abklatſch der preußiſchen wurden und
1188 2047 2136 2083 ein modus vivendi zwiſchen Kirche und Staat ſich ausfindig
1188 2085 2139 2119 machen ließ. Als Politiker befand ſich Rauſcher mit den meiſten
1196 2119 2145 2157 Biſchöfen der weſtlichen Reichshälfte, welche dem Föderalismus
1196 2157 2147 2193 huldigten, in Widerſpruch; er glaubte, an der gegebenen Ver⸗
1186 2190 2153 2229 faſſung feſthaltend, im Intereſſe der Conſolidirung des Kaiſer⸗
1174 2227 2139 2263 ſtaats das centraliſtiſche System unterſtützen zu müſſen. Das
1182 2265 2147 2299 kirchliche Leben in ſeinem Sprengel verdankt ihm weſentliche
1187 2299 2145 2335 Förderung. Perſönlich war er ein Mann des Gebets und der
1188 2337 2141 2371 Asceſe, ſeine Gelehrſamkeit umfaſſend und tief. Als beredtes
1202 2373 2148 2409 Zeugniß ſeiner geiſtigen Bedeutung hat er ſeine Reden, Hir⸗
1181 2407 2138 2445 tenbriefe und Predigten hinterlaſſen, von denen die erſte
1187 2445 2148 2481 Folge 1858 in Wien bei Manz und 1860 in wohlfeilerer Aus⸗
1186 2482 2144 2518 gabe bei Braumüller erſchien. Von der zweiten Folge iſt im
1188 2515 2142 2556 Laufe dieſes Jahres der erſte Band erſchienen. (Wien, Brau⸗
1184 2554 1299 2589 müller.)
1023 2688 1305 2727 Büchertiſch.
320 2763 969 2803 Encyclopädieen und Sammelwerke.
168 2796 1116 2841 Bibliothek, internat. wissensch. 18. Bd.: Die Schmarotzer
237 2833 1129 2877 des Thierreichs, von P. J. van Beneden. 8. Leipzig.
234 2869 1109 2913 Brockhaus. 5 Mark. geb. 6. —
168 2908 1128 2949 Biographie, allg. deutſche. 10. Lfg. Lex. 8. Leipzig. Duncker u.
227 2946 1125 2979 Humblot. 2. 40
450 2992 836 3028 Katholiſche Theologie.
161 3027 1113 3067 Falise, J. B., Liturgiae praet. compendium. Ed. 2 gr. 8.
246 3063 1116 3096 Regensburg. Manz. 7. 60
168 3100 1116 3138 Fröhlich, J., der neue Katechismus, wie er unſerer Zeit noth
224 3135 1127 3174 thut. gr. 8. Kempten. Köſel. 2. 10
1203 2755 2147 2796 Guéranger, D. P., das Kirchenjahr. Lfg. 8. 8. Mainz. Kirch⸗
1271 2794 2145 2827 heim. 1. 40
1203 2829 2163 2868 Heinrich, J. B., Dogmatiſche Theologie. 2. Bd. 1. Abth. gr. 8.
1274 2866 2151 2902 Ebendaſ. 3. 40
1190 2901 2150 2940 Hoppe, J. J., das Gewiſſen. gr. 8. Regensb. Manz. 4. 80
1193 2935 2147 2976 Neumann, P., das Loben unseres Herrn und Heilandes Jesu
1263 2971 2151 3010 Chr. 2. Thl. Lex. 8. Prag. Urbanek. 5. 60
1461 3025 1884 3061 Akatholiſche Theologie.
1191 3064 2154 3102 Achelis, E., die Bergpredigt nach Matthäus u. Lucas. Exe-
1266 3102 2154 3138 getisch u. kritisch untersucht gr. 8. Bielefeld. Velhagen
1253 3138 2158 3175 u. Klasing. 8. —
