2341 3385
243 167 2092 415 Literariſche Rundſchau.
179 445 578 481 Erscheint am 15. eines jeden Mo⸗
170 481 590 523 nats. Der Abonnementspreis beträgt
269 517 501 555 3 Mark p. Semeſter.
894 435 1407 510 Redigirt von Joſeph Köhler.
819 498 1494 567 Verlag von Rudolf Barth in Aachen.
984 558 1347 624 Erſter Jahrgang.
1742 472 2141 511 Inſerate werden mit 30 Pfennigen,
1719 508 2142 547 für die 2ſpaltige Petitzeile oder deren
1835 546 2027 583 Raum berechnet.
156 627 321 699 No. 1.
891 674 1400 718 Ausgegeben am 16. Januar.
2018 692 2141 723 1875.
276 742 2148 801 Inhalt: Ueberſichten und allg. Charakteriſtiken. Uhland und die Uhland⸗Literatur. — Darwin u. Häckel über die Abſtammung des
164 775 2147 838 Menſchen. — Recenſionen und Referate: Peigné-Delacourt, Monasticon Gallicanum. Maurenbrecher, Studien und Skizzen
162 811 2144 877 zur Geſch. der Reformation. Alex. v. Hübner, Spaziergang um die Welt. — Kritiſche Stimmen aus anderen Zeitſchriften. — Nachrichten.
198 849 798 888 — Büchertiſch. — Redactions⸗Crreſpondenz.
562 921 1719 1011 Ueberſichten und allgemeine Charakteriſtiken.
309 1013 957 1087 Uhland und die Uhland⸗Literatur.
281 1096 1112 1141 ‚Die Sage erzählt, wie da, wo Götter und göttlich
158 1140 1116 1183 heilige Menſchen gewandelt ſind, eine blumenumſäumte
164 1185 1109 1231 Spur hinter ihnen bleibt, und wo ſie in einem großen
158 1229 1109 1275 Augenblick geſtanden, ihre Fußſtapfen für alle Zeiten in
155 1275 1115 1321 den Boden gedrückt ſind. Nicht anders Uhland. Noch
158 1320 1115 1363 immer trägt unſer deutſcher Liederſang das Gepräge, das
149 1362 1101 1408 vor einem halben Jahrhundert er ihm gegeben, und auch
152 1409 1115 1453 in Zukunft wird nur eine neue Barbarei es auslöſchen
155 1454 1112 1498 können; nimmer verwächſt der Weg, auf welchem er aus
149 1499 1106 1543 dem ſchwülen Dickicht der Romantik herüber geſchritten iſt
153 1547 989 1588 zu der hellen friſchluftigen Aue der Volksmäßigkeit.‘
260 1591 1100 1633 So hat Wilhelm Wackernagel vor zehn Jahren ge⸗
144 1632 1101 1674 [prochen; und wenn wir nunmehr auch reichbegabte Dichter
150 1675 1103 1711 andere Wege einſchlagen ſehen, — wohl kaum zum dauern⸗
152 1721 1098 1759 den Heil der Dichtung — Gottlob! der Pfad, den Uhland
147 1767 1104 1807 gezeigt hat, iſt noch nicht verwachſen. Noch immer gehört
137 1810 1104 1852 er, wie die fortdauernden neuen Auflagen ſeiner Gedichte,
144 1856 1106 1897 wie namentlich eine gewiß zeitgemäße, von der Cotta’ſchen
140 1901 1101 1939 Buchhandlung veranſtaltete und mit Zeichnungen von
146 1946 1097 1987 Camphauſen, Cloß, Makart, Schrödter u. A. gezierte
155 1992 1095 2034 Prachtausgabe beweiſt, als Dichter voll und gleichmäßig
152 2034 1091 2076 dem ganzen deutſchen Volke, auch den Frauen und der Ju⸗
147 2078 1098 2119 gend an. Er verdient es, weil er, nur ſehr wenige Stellen
149 2123 1091 2164 ausgenommen, mit keinem Hauch, mit keinem Verſe die
150 2166 1095 2208 zarteſte Sitte oder die feinfühligſten Mitglieder einer an⸗
143 2211 1097 2254 deren Confeſſion verletzt. Und wenn er aus einer unge⸗
143 2258 1086 2301 heuren, faſt überwältigenden Fülle theils handſchriftlicher,
143 2301 1101 2344 theils gedruckter Quellen in einem ihn nie täuſchenden Sinn
161 2346 1103 2388 für alles Volksmäßige mit ſicherer Hand die Auswahl ſeiner
143 2391 1092 2436 Volkslieder (Stuttg. 1844. 45.) traf, ſo hat ihn auch auf
146 2436 1094 2479 dieſem keineswegs ſo ganz reinen Gebiete ſein hoher ſitt⸗
143 2481 1088 2526 licher Sinn durchweg geleitet. Als Forſcher und Gelehrter
143 2526 1097 2571 gehört er freilich mehr nur den Mitforſchenden an; aber
137 2571 1088 2616 wenn er auch ſelbst in der rührenden Beſcheidenheit und
146 2617 1085 2662 der Strenge gegen ſich ſelbst, die den wackern Mann immer
144 2660 1088 2707 zierte, ſeine literariſchen Forſchungen als theilweiſe veraltet
143 2706 1094 2752 und bereits überboten darſtellte, ſo werden doch auch auf
143 2750 1100 2799 dieſem Gebiete ſeine Spuren ſo bald nicht verweht ſein,
137 2795 1091 2842 beſonders ſeitdem ſeine mit der äußerſten Gewiſſenhaftigkeit
143 2841 1094 2889 vorbereiteten und mit der größten Reinlichkeit ausgeführten
137 2886 1098 2934 Arbeiten dieſer Art, durch befreundete Forſcher geſammelt,
137 2931 1097 2980 unter dem Titel ‚Uhland’s Schriften zur Geſchichte der
144 2976 1079 3024 Dichtung und Sage‘ (Stuttg. 1865 ff. 8 Bde. 83 Mark.)
137 3023 1091 3070 erſchienen ſind. *) In die Werkstatt des Denkers und For⸗
242 3106 1094 3154 (*) Die Sammlung enthält auch seine an der Univerſität
144 3147 1085 3193 Tübingen gehaltenen Vorleſungen über deutſche Literaturgeſchichte.
1188 1049 2136 1095 ſchers verſchafft uns der von F. Pfeiffer herausgegebene
1184 1094 2141 1140 Briefwechſel zwiſchen Uhland und dem alten
1184 1137 2136 1185 Freiherrn von Laßberg zu Eppishauſen und auf
1184 1182 2129 1228 der Meersburg (Wien 1870) einen willkommenen Einblick.
1190 1227 2132 1275 Als Mann des politiſchen Kampfes und der freiheitlichen
1188 1272 2126 1321 Geſinnung endlich gehört Uhland zuvörderſt denen an, auf
1185 1316 2132 1363 deren Seite er ſtand und focht. Wenn nicht ein Jeder ſein
1182 1361 2136 1410 in der Paulskirche geſprochenes Wort: ‚Glauben Sie, es
1172 1408 2129 1453 wird kein Haupt über Deutſchland leuchten, das nicht mit
1172 1450 2124 1500 einem vollen Tropfen demokratiſchen Oels geſalbt iſt‘,
1182 1496 2135 1543 unterſchreiben und ſeine Theilnahme am Rumpfparlament
1179 1544 2126 1588 zu Stuttgart billigen mag, wenn auch Manchem, gerade
1169 1588 2123 1633 wie zur Zeit dem alten Alexander von Humboldt, die Zu⸗
1179 1629 2127 1677 rückweiſung des preußiſchen Ordens für Wiſſenſchaft und
1172 1668 2126 1719 Kunſt als ein ſtark übertriebener Zug einer, man möchte
1178 1713 2126 1764 ſagen, demokratiſchen Grille erſcheinen mag: das hat Nie⸗
1179 1760 2123 1810 mand gewagt und wird auch wohl Niemand wagen, die
1170 1805 2123 1854 Ehrenhaftigkeit des Mannes auch auf dieſem Gebiete irgend⸗
1169 1851 1457 1885 wie zu bemängeln.
1277 1898 2132 1945 Daß ſchon zu Lebzeiten des Dichters in einer Anzahl
1164 1940 2114 1987 kleinerer und größerer Schriften eine Darſtellung der dich⸗
1166 1985 2121 2034 teriſchen Bedeutung Uhland’s verſucht wurde, iſt bekannt;
1169 2028 2126 2077 berüchtigt und mit Recht von allen Wohldenkenden ver⸗
1169 2074 2120 2122 ſchmäht ſind die Produkte H. Heine’s: ‚Die romantiſche
1172 2118 2114 2166 Schule und der Schwabenſpiegel‘. Weniger war das per⸗
1175 2162 2126 2209 ſönliche Leben des Mannes bekannt, der nur ungern und
1166 2207 2123 2253 halb gezwungen von ſeinen Arbeiten ſprach, die Oeffent⸗
1169 2250 2114 2296 lichkeit gern vermied und nur wenigen ausgewählten Freun⸗
1160 2295 2111 2338 den einen Blick in ſein Inneres vergönnte. Ein hochbe⸗
1164 2340 2121 2385 rühmter Literarhiſtoriker erzählte, Uhland habe, als bei
1158 2384 2120 2433 einem Ständchen auch das Lied: ‚Es zogen drei Burſche
1164 2429 2117 2479 wohl über den Rhein‘ ihm zu Ehren geſungen wurde, ge⸗
1164 2474 2120 2523 beten, man möge mit dieſem Liede abbrechen, da ſein eigenes
1166 2519 2120 2566 ſchmerzliches Loos darin beſungen ſei; auch er habe das
1164 2565 2120 2611 Ziel ſeiner Liebe auf der Todtenbahre geſehen und von da
1158 2609 2120 2656 ab jeder Liebe entſagt. Und doch lebte Uhland ſeit ſeinem
1166 2654 2093 2700 drei und dreißigſten Lebensjahre in der glücklichſten Ehe.
1271 2700 2121 2745 Von den Gedächtnißreden und Gedenkblättern, die
1160 2743 2111 2785 nach des Dichters Tode im deutſchen Süden wie im Nor⸗
1166 2787 2108 2833 den von hoher Liebe und Begeiſterung Kunde geben, will
1163 2834 2105 2875 ich zunächſt erwähnen die von W. Wackernagel (Ge⸗
1160 2879 2111 2920 ſammelte Schriften. Bd. 2, S. 482), aus der ich meinen
1169 2922 2112 2967 Vorſpruch für dieſe Darſtellung glaubte nehmen zu dürfen;
1157 2969 2120 3012 dann den Vortrag von Otto Jahn, gehalten zu Bonn
1154 3045 2106 3085 Mit Recht iſt irgendwo bemerkt worden, daß ſchwerlich zur Zeit,
1157 3081 2103 3121 als das Manuſcript verfaßt wurde, Deutſchland eine Darſtellung
1160 3117 2117 3154 ſeiner Literatur beſaß, die ſich der Uhland’ſchen zur Seite ſtellen
1158 3156 1245 3189 durfte.
1793 3159 2016 3190 Anm. der Red.
