2387 3353
1107 141 1158 172 217
144 250 1088 285 rechtmäßigen Obrigkeiten, denen ſie geſchworen, einen König
150 293 1102 331 oder Kaiſer zu ſetzen? Wo iſt der Rath der Könige und
141 339 1097 376 Fürſten Teutſchlands, der nach tauſendjährigem Herkommen
153 384 1094 420 dem heiligen Reich ſeinen König kürt und die Wahl dem
155 429 1100 465 Volk zur Beſtätigung vorlegt? . . . . Das Ding, von dem
147 474 1100 510 wir reden, trägt nicht das Zeichen des h. Kreuzes, drückt
141 519 1094 555 nicht den Stempel »von Gottes Gnaden« aufs Haupt, iſt
144 563 1106 601 keine Krone. Es iſt das eiſerne Halsband einer Knecht⸗
152 609 1108 645 ſchaft, durch welches der Sohn von mehr als 24 Regenten,
149 654 1103 691 Kurfürſten und Königen, das Haupt von 16 Millionen,
146 699 1108 736 der Herr des tapferſten und treueſten Heeres der Welt,
149 744 1086 781 der Revolution zum Leibeigenen gemacht würde. Und das
149 790 1108 826 ſei ferne!’ ‚Es will mich faſt bedünken, mein theurer Arndt,
149 834 1092 871 als walte in Ihnen ein Irrthum, den Sie freilich mit
143 879 1092 916 vielen andern Menſchen theilen: als ſähen Sie die zu be⸗
138 925 1088 963 kämpfende Revolution nur in der ſog. Rothen Demokratie
141 970 1108 1006 und den Communiſten. Der Irrthum wäre ſchlimm. Jene
144 1015 1106 1053 Menſchen der Hölle und des Todes können ja nur allein
144 1060 1095 1098 auf dem lebendigen Boden der Revolution wirken. Die
144 1105 1095 1143 Revolution iſt das Aufheben der göttlichen
141 1150 1086 1188 Ordnung, das Verachten, das Beſeitigen der rechten
143 1197 1102 1233 Ordnung, ſie lebt und athmet ihren Todeshauch, ſo lange
1179 246 2112 282 unten oben und oben unten iſt.’ So lange die Hoffnung
1166 291 2115 325 noch vorhanden ſei, das ganze Deutſchland zuſammenzu⸗
1169 336 2137 373 halten, ihm Oeſterreichs 37 Millionen zu erhalten dadurch,
1176 379 2115 417 daß das Haupt des Erzhauſes wieder das unbeſtrittene
1170 424 2115 460 erſte Haupt der Chriſtenheit und als ſolches Deutſchlands
1170 469 2121 507 Haupt werde, erklärte er die Kaiſerkrone nicht annehmen
1169 514 2124 552 zu können. Er wolle nicht durch eigene Schuld über einen
1176 559 2121 595 Rumpf, über ein Deutſchland ohne Oeſterreichs Erbſtaaten
1169 603 2111 640 herrſchen. Erſt dann, wenn Oeſterreich durch feierliche Zu⸗
1173 648 2115 685 rückweiſung der deutſchen Krone klar bekenne, daß Metter⸗
1166 693 2137 730 nich’s Geiſt, die heilloſe Politik des Entfernthaltens Oeſter⸗
1169 738 2131 777 reichs von den deutſchen Dingen, in Oeſterreich noch herrſche,
1175 783 2112 822 dann könne nur Preußen helfen, erſt dann wache für
1169 828 2123 865 ihn die Pflicht auf, dieſe Schmerzenskrone anzunehmen.
1181 874 2135 910 So Friedrich Wilhelm IV. Was Dahlmann betrifft, ſo ſei noch
1170 921 2118 957 erwähnt, daß er ſpäter, im Gegenſatz zu ſeinen kleindeutſch
1172 963 2102 1003 geſinnten Varteigenoſſen in dem von Napoleon heraufbe⸗
1175 1009 2115 1048 ſchworenen italieniſchen Krieg von 1859 eine Frevelthat
1178 1054 2121 1093 erblickte, ſich zu Gunſten Oeſterreichs ausſprach und die
1173 1101 2111 1138 damalige preußiſch⸗engliſche Politik entſchieden verurtheilte.’
1263 1146 2030 1183 Paderborn. Köhler.
1545 1201 1748 1231 (Schluß folgt.)
984 1294 1280 1369 Nachrichten.
241 1401 1102 1432 — Aus dem Sitzungsberichte der diesjährigen (16.)
140 1437 1097 1468 Plenarverſammlung der Hiſtoriſchen Commiſſion, welche
128 1473 1098 1504 in München vom 30. Sept. bis 2. October tagte, entnehmen wir
135 1507 1092 1540 Folgendes: ‚Der über die Arbeiten des abgelaufenen Jahres vom
141 1542 1083 1575 Secretär erſtattete Geſchäftsbericht zeigte, daß die Unternehmungen,
140 1576 1101 1608 von den Vorſtänden der Archive und Bibliotheken überall auf
131 1609 1104 1641 das zuvorkommendſte unterſtützt, in erwünſchtem Vorgang ſind.
134 1641 1083 1674 Seit der vorjährigen Plenarverſammlung kamen in den Buch⸗
140 1675 1085 1711 handel folgende neue Publicationen: 1) Geſchichte der Wiſſen⸗
141 1716 1086 1749 ſchaften in Deutſchland. Neuere Zeit. Bd. XIV. Geſchichte der
143 1753 1082 1786 Nationalökonomie von Wilhelm Roſcher. 2) Die Receſſe und
144 1789 1089 1821 andere Acten der Hanſetage von 1256—1430. Bd. III. 3) Jahr⸗
134 1827 1094 1858 bücher der deutſchen Geſchichte. Jahrbücher des Deutſchen Reichs
131 1863 1076 1894 unter Heinrich VI. von S. Hirſch. Bd. III. Herausgegeben und
140 1899 1082 1933 vollendet von Harry Breßlau. 4) Jahrbücher der deutſchen
140 1933 1101 1969 Geſchichte. Jahrbücher des deutſchen Reichs unter Heinrich III.
135 1968 1089 2004 von Ernſt Steindorff. Bd. I. 5) Forſchungen zur deutſchen
134 2002 1098 2041 Geſchichte. Bd. XV. 6) Bayeriſches Wörterbuch von J. Andreas
143 2038 1082 2077 Schmeller. Zweite, mit des Verfaſſers Nachträgen vermehrte
129 2074 1086 2112 Ausgabe, bearbeitet von G. Karl Frommann. Lieferung XI.
132 2109 1101 2148 7) Allgemeine deutſche Biographie. Bd. I. (Lieferung I—V)
137 2145 1099 2185 und zwei Hefte von Bd. II. (Lieferung VI–VII). Außerdem
129 2181 1077 2220 ſind zur Ausgabe fertig: 1) Geſchichte der Wiſſenſchaften in
135 2217 1083 2256 Deutſchland. Neuere Zeit Bd. XV. Geſchichte der Botanik von
135 2254 1083 2292 Dr. Julius Sachs. 2) Briefe und Acten zur Geſchichte des
134 2290 1102 2327 16. Jahrhunderts mit beſonderer Rücksicht auf Bayerns Fürſten⸗
132 2326 1095 2363 haus. Bd. III. Abth. 1. Beiträge zur Reichsgeſchichte 1546–1551.
128 2359 1089 2398 Bearbeitet von Auguſt v. Druffel. 3) Allgemeine deutſche
138 2397 1089 2436 Biographie. Lieferung VIII. Die Berichte welche im Verlaufe
135 2433 1080 2472 der Verhandlungen von den Leitern der einzelnen Unternehmungen
140 2469 1085 2508 erſtattet wurden, ſtellen noch andere Publicationen in nahe Aus⸗
132 2505 1095 2544 ſicht. Im Druck iſt das Schlußheft des Schmeller’ſchen Wörter⸗
138 2539 1096 2580 buchs; die Ausgabe deſſelben wird nur durch das Regiſter noch
138 2575 1094 2614 etwas verzögert werden, da der Herausgeber Dr. Frommann
141 2613 1083 2652 im Intereſſe des Publicums dasſelbe möglichſt erweitern und
144 2647 1083 2688 vervollſtändigen will. Auch der Regiſterband zu den deutſchen
144 2683 1083 2722 Weisthümern, welcher die Benützung dieſes reichhaltigen Werks
135 2719 1095 2760 außerordentlich erleichtern wird, iſt im Druck begonnen. Es wird
138 2754 1083 2796 in zwei Abtheilungen erſcheinen, von denen die eine das Namen⸗
134 2790 1096 2832 und Sachregiſter, bearbeitet von R. Schröder in Würzburg,
134 2826 1100 2868 die andere das Wortregiſter, bearbeitet von Prof. Birlinger
134 2860 1095 2905 in Bonn, enthalten wird. Wie die neue Ausgabe des berühmten
135 2896 1083 2941 bayeriſchen Wörterbuchs, wird auch die von J. Grimm begründete
147 2932 1089 2977 Sammlung der deutſchen Weisthümer im nächſten Jahr voraus⸗
128 2968 1083 3013 ſichtlich zum Abschluß gelangen. Auch die Geſchichte der Wiſſen⸗
140 3003 1086 3049 ſchaften geht ihrer Vollendung entgegen. Nachdem bereits 15
143 3040 1082 3085 Bände die Preſſe verlaſſen haben, werden demnächſt die Geſchichte
138 3075 1089 3120 der Mathematik, bearbeitet von Prof. Gerhardt aus Eis⸗
135 3114 1088 3157 leben, und die Geſchichte der Geſchichtswiſſenſchaft, bearbeitet
1163 1398 2138 1431 von Prof. Wegele in Würzburg, zur Publication gelangen;
1169 1434 2112 1467 die Geſchichte der Geologie, der claſſiſchen Philologie und der
1161 1470 2118 1503 Medicin werden bald ihnen folgen. Da die Gelehrten, welche
1169 1503 2121 1537 früher die Geſchichte der Phyſik und der Kriegswiſſenſchaften
1166 1539 2130 1572 übernommen hatten, die Bearbeitung aufgegeben haben, mußten
1166 1573 2114 1606 für dieſe Abtheilungen neue Kräfte gewonnen werden. Die Geſchichte
1163 1606 2118 1639 der Kriegswiſſenſchaften hat jetzt Generallieutenant Frhr. v.
1160 1639 2117 1672 Troſchke in Berlin übernommen; wegen der Geſchichte der
1157 1677 2117 1708 Phyſik ſchweben noch Verhandlungen, die hoffentlich demnächſt
1160 1714 2120 1747 zum Abſchluß gelangen werden. Von der großen unter Prof.
1160 1752 2112 1783 Hegel’s Leitung herausgegebenen Sammlung der deutſchen
1173 1788 2112 1819 Städte⸗Chroniken ist der zwölfte Band, der erſte der Kölniſchen
1173 1825 2112 1857 Chroniken, im Druck nahezu vollendet und wird in kurzer Friſt
1166 1860 2115 1893 ausgegeben werden. *) Dereſlbe enthält Erzählungen und hiſtoriſche
1161 1896 2111 1929 Berichte aus dem 13. bis 15. Jahrhundert; die bekannte Reim⸗
1166 1932 2126 1965 chronik von Gottfried Hagen, die Weberſchlacht, das ſogenannte
1163 1968 2111 1999 Neue Buch und eine Anzahl kleinerer hiſtoriſcher Berichte, die
1160 2002 2117 2035 unter dem Namen »Memoriale des 15. Jahrhunderts« zuſammen⸗
1162 2037 2131 2071 gefaßt ſind. Vorausgeſchickt iſt eine allgemeine Einleitung, erſtens
1166 2071 2115 2106 über die Geſchichte und Verfaſſung der Stadt im Mittelalter,
1161 2106 2117 2140 die ſpäter weiter fortgeſetzt werden wird, und zweitens über die
1167 2140 2126 2176 Kölniſche Geſchichtſchreibung und Literatur. Die hiſtoriſche Be⸗
1157 2175 2127 2212 arbeitung iſt mit Ausnahme des erſten Theils der Einleitung,
1167 2211 2112 2248 welchen Prof. Hegel ſelbſt verfaßt hat, von Dr. H. Cardauns
1164 2245 2109 2284 in Bonn, die ſprachliche von Dr. C. Schröder aus Schwerin
1158 2281 2112 2320 und Prof. Birlinger in Bonn ausgeführt. Zwei weitere
1172 2316 2118 2356 Bände Kölniſcher Chroniken, welche Jahrbücher aus dem 14.
1169 2352 2115 2392 und 15. Jahrhundert und die Koelhoff’ſche Chronik von 1499
1164 2388 2112 2428 enthalten ſollen, werden ſchnell dem erſten folgen. Für die baye⸗
1161 2424 2117 2466 riſchen Städte⸗Chroniken liegen zwei fertige Arbeiten vor: die
1170 2458 2117 2500 Regensburger Chronik von Leonhard Widmann (1511—1555),
1164 2496 2128 2536 bearbeitet vom Archivſecretär Frhrn. E. v. Oefele in Bam⸗
1161 2530 2112 2572 berg, und die bis 1400 reichenden Mühldorfer Annalen, bearbeitet
1161 2566 2112 2608 vom Archivſecretär Dr. Th. Heigel. Mit dieſen Stücken ſoll
1160 2602 2114 2644 verbunden werden, was die Stadt München an hiſtoriſchen Denk⸗
1155 2638 2121 2680 würdigkeiten und chronikartigen Aufzeichnungen aus dem Mittel⸗
1164 2674 2112 2716 alter bietet, namentlich die Katzmair’ſche Denkſchrift, mit deren
1160 2710 2120 2752 Bearbeitung Reichsarchivrath Muffat beſchäftigt iſt. Für die
1167 2746 2118 2788 Herausgabe der Lübecker Chroniken iſt Prof. Mantels in
1175 2781 2120 2823 Lübeck unausgeſetzt thätig geweſen, und hofft den erſten Band
1161 2820 2139 2860 bis Ende dieſes Jahres druckfertig herſtellen zu können. Stadt⸗
1170 2856 2121 2898 archivar Hänſelmann in Braunſchweig eröffnet für das
1163 2890 2127 2932 kommende Jahr auf die Vollendung des zweiten Bandes der
1166 2928 2130 2970 Braunſchweiger Chroniken Ausſicht. Dr. v. Bippen in Bremen
1167 2964 2118 3006 hat die Neubearbeitung der Chronik von Rynesberg⸗Schene be⸗
1155 3000 2133 3042 gonnen. Von dem umfaſſenden Unternehmen der Reichstagsacten,
1161 3037 2112 3078 welches unter Leitung des Prof. Weizſäcker steht, wird der
1274 3109 2029 3147 *) Iſt eben geſchehen. Red.
