2387 3353
1127 117 1187 153 199
315 231 715 262 Die heiligen Gebote ſteh’n
321 265 857 301 Auf Tafeln nicht und Pergamenten,
320 303 825 334 Im Herzen mußt du ſie verſteh’n.
330 339 780 370 Bekennntniß iſt ein enges Kleid,
324 370 883 406 Gefügt aus Worten, Clauſeln, Liſten,
327 405 854 442 Wenn ihr nur rechte Menſchen ſeid,
326 444 999 478 Was braucht es noch des Namens: Chriſten?
330 478 811 514 denn jener Weiſeſte der Weiſen,
327 517 795 549 Den alle Zeiten werden preiſen,
320 552 800 586 Ein Edler, Hoher, Auserkorner,
329 588 805 622 Er ward geboren, mußte enden,
323 622 948 658 Als Menſch, wie darf ein Staubgeborner
326 655 872 696 Sich betend an den andern wenden?
320 729 807 766 Und hier im zeitlichen Getriebe,
330 765 987 802 Was iſt das Höchſte hier? — die Liebe!
326 802 858 837 Darf der nun von der Liebe reden,
333 838 780 873 Der ſelber nicht in Liebe lebt,
332 873 810 910 In frechem Dünkel über Jeden,
333 909 785 946 Der anders denket, ſich erhebt?
335 946 930 981 Zum Blendwerk dient der Heil’genſchein,
330 982 841 1018 Darunter grinzt die Teufelsfratze,
333 1018 948 1054 Ein Wolf im Schafspelz, ſchleicht ſich ein
329 1053 827 1089 Der Pfaffe mit und ohne Glatze.
329 1125 893 1161 Sie ſprechen, während mit der Ruthe
329 1161 899 1197 Sie euch wie bangen Kindern droh’n,
330 1198 795 1233 In maßlos frechem Uebermuthe
329 1235 755 1270 Beſchworenen Geſetzen Hohn.
338 1306 767 1339 Ich haſſe dieſe Bande tiefer,
332 1342 779 1377 Als Pestilenz und Ungeziefer,
330 1377 858 1413 Und kommt mir einer in die Quer,
335 1411 818 1447 So fall’ ich wüthend drüber her
336 1449 834 1482 Und rufe: Knüppel aus dem Sack
332 1483 899 1519 Auf’s Heuchlervolk, auf’s Muckerpack.
288 1524 1131 1557 Solch plumpem und frechem Spott, der das Hei⸗
173 1567 1124 1602 ligſte mit ſo gemeinem ‚Hausknechtswitz beſudelt’, begegnet
173 1609 1145 1642 man nur ſelten in der allergewöhnlichſten Tagespreſſe;
173 1653 1122 1684 daß aber die hervorragendſten Organe der deutſchen Preſſe
164 1698 1122 1731 ſo jämmerlich und namenlos geſunken ſeien, daß ſie Kri⸗
170 1744 1136 1780 tiken ihre Spalten öffnen, welche dergleichen als werthvollen
167 1791 1130 1827 poetiſchen Schatz und hervorragende literariſche
179 1837 1136 1873 Leiſtung dem deutſchen Volke anpreiſen, das ſei
180 1881 1124 1920 hierdurch feſtgeſtellt und dagegen hiermit zu Ehren des
170 1926 1125 1963 deutſchen Volkes Verwahrung eingelegt Dem Till Ridi⸗
180 1971 1137 2008 vivus ſelbst iſt in ſeinem eigenen Intereſſe nichts anderes
170 2019 1140 2053 zu wünſchen, als daß er möglichſt bald ſich möge wieder
176 2062 848 2100 begraben laſſen in völliger Vergeſſenheit.
273 2109 1044 2145 Laer. Kotthoff.
482 2218 827 2251 Unterrichtsliteratur.
171 2281 1128 2316 Kleine Kirchengeſchichte mit Bildern für katholiſche Volks⸗
273 2326 1134 2364 ſchulen. 8. München. Stahl. 1875. 91 S. Preis:
273 2373 453 2404 0,40 Mark.
288 2434 1134 2469 Ueber das Bedürfniß einer Kirchengeſchichte im
183 2479 1137 2512 Rahmen eines kleinen und praktiſchen Büchleins für katho⸗
177 2524 1137 2557 liſche Volksſchulen dürften alle Katecheten und katholiſchen
188 2569 1142 2604 Schullehrer gleicher Meinung ſein und dem Ungenannten
182 2613 1153 2649 Beifall und Dank zollen, der ſich zuerſt an dieſe äußerſt
191 2658 1142 2694 ſchwierige und mehr für angeborenes Geſchick als großen
201 2703 1137 2740 Scharfſinn und weit verbreitete Gelehrſamkeit lösbare Auf⸗
182 2748 1134 2787 gabe herangewagt hat. Die große Schwierigkeit des Unter⸗
192 2793 1143 2832 nehmens liegt zunächſt in der Größe und Unabgegrenztheit
191 2836 1130 2878 des Stoffes. In der bibliſchen Geſchichte des alten un
194 2881 1145 2923 neuen Teſtamentes findet der Katechet und Kinderſchrift⸗
182 2926 1145 2968 ſteller ein abgeſchloſſenes Ganze, welches er unter Leitung
185 2971 1151 3015 der Lehrautorität der inſpirirten Verfaſſer der hl. Schriften
191 3016 1137 3060 und der traditionellen Auffaſſung der Kirche je nach mehr
198 3063 1148 3106 oder minder vollkommener Beherrſchung des Stoffes beſſer
185 3106 1143 3153 oder minder gut, aber immerhin im Weſen richtig wieder⸗
1193 225 2138 265 gibt und darſtellt. Für die Auffaſſung und Darſtellung
1194 269 2153 309 der Kirchengeſchichte gibt es dagegen keine andere Autori⸗
1191 317 2147 354 tätsſchranke, als die Verheißung des Erlösers, daß Er bei
1188 359 2158 400 ſeiner Kirche bleiben und ihr für ewig Seinen hl. Geiſt
1184 405 2148 444 ſenden werde; der Abschluß derſelben liegt im undurchdring⸗
1191 453 2153 490 lichen Dunkel der Zukunft, und die Wege dahin ſind theil⸗
1191 496 2139 532 weiſe ſchwer verſtändlich bezüglich der Vergangenheit, ganz
1193 540 2145 579 unerfaßbar ſelbſt für die nächſte Zukunft; der ſubjectiven
1190 584 2151 621 Auffaſſung aller einzelnen und ſämmtlichen Erſcheinungen
1194 629 2151 667 und Thatſachen iſt gerade in der überall vorauszuſetzenden
1194 673 2148 712 beſonderen providentiellen Bedeutung viel weniger eine
1206 717 2157 757 Schranke als ein ins Unberechenbare ſich erweiternder
1205 762 2150 801 Spielraum gelaſſen. Es kann daher wahrlich keine leichte
1199 806 2165 846 Aufgabe ſein, einem Kinde in der Volksſchule ein gedräng⸗
1193 849 2160 892 tes und leichtfaßliches Bild von der Geſchichte der Kirche
1196 896 2151 937 zeichnen wollen, und noch dazu ein Schulbuch liefern, deſſen
1208 939 2147 981 Darſtellung und Lehrgang das Urtheil katholiſcher Volks⸗
1202 993 1457 1029 bildner aushält.
1305 1029 2154 1072 Keineswegs erleichtert wird die Sache durch den
1197 1076 2154 1117 Umſtand, daß ein ſolches Büchlein ſich ſelbstverſtändlich
1203 1119 2160 1162 nur als dritter Theil an die bibliſche Geſchichte des alten
1205 1166 2166 1206 und neuen Teſtamentes anzuſchließen und in conereter
1203 1212 2160 1252 Form die Verwirklichung und den Fortſchritt des vorberei⸗
1197 1259 2159 1297 teten und gegründeten Reiches Chriſti unter fortdauerndem
1203 1304 2154 1342 Kampfe mit den Mächten der Welt und des Böſen nachzu⸗
1200 1349 2150 1389 weiſen hat. Nahe läge unter dieſen Umſtänden die Verſu⸗
1206 1395 2159 1432 chung, ſtatt einer kleinen Kirchengeſchichte eben nur kleine
1199 1438 2160 1476 Geſchichtchen aus der Kirchengeſchichte ohne inneren Zu⸗
1203 1481 2163 1522 ſammenhang zu bieten. Dieſem Fehler aber iſt unſer Büch⸗
1203 1528 2154 1566 lein ſo wenig verfallen, daß wir im Gegentheile einen ſeiner
1212 1573 2163 1606 Hauptmängel in dem allzu doctrinären Syſtem ſeiner
1197 1615 2154 1648 Anlage und Durchführung finden zu ſollen meinen. Ohne
1202 1658 2159 1692 uns hier auf die Gruppirung der gebotenen 59 Leſeſtücke
1209 1704 2163 1738 nach 7 Hauptabſchnitten und Geſchichtsperioden und die
1209 1751 2165 1786 Wahl derſelben des Näheren einzulaſſen, halten wir es
1215 1796 2159 1833 ür einen etwas unpraktiſchen Doctrinarismus, daß das
1209 1839 2166 1878 ohnehin nur 74 Seiten ſeinen Erzählungen widmende Büch⸗
1203 1887 2178 1923 lein auf den erſten 14 Seiten in 12 Nummern faſt nur
1209 1932 2170 1966 die bibliſche Geſchichte beider Teſtamente, wenn auch ſehr
1209 1974 2157 2011 reizend repetirt. Mit Wegfall dieſer erſten beiden Haupt⸗
1205 2019 2172 2056 abſchnitte — die Zeit der Vorbereitung und die Zeit der
1203 2065 2163 2101 Grundlegung — mit ihren den Kindern durch Katechismus
1209 2109 2156 2148 und bibliſche Geſchichte ſchon geläufigen Erzählungen wäre
1215 2150 2162 2191 für manches Andere viel Raum erſpart geblieben, was
1212 2198 1559 2236 wir ungern vermiſſen.
1323 2238 2159 2278 Aber auch manche die Kinder geradezu verwirrende
1215 2281 2160 2326 Wiederholungen (S. 12, 13 mit 19; 28 mit 30) ver⸗
1207 2325 2160 2374 ſchuldet ebenſo das Syſtem der Anlage des Büchleins
1215 2372 2163 2418 Einerſeits nämlich iſt es der durchgehende Gedanke der
1218 2415 2160 2464 Trennung der ſogenannten äußeren von der inneren Kir⸗
1205 2460 2166 2509 chengeſchichte, andererſeits ein gewiſſer für Kinder gewiß
1206 2505 2182 2554 unnöthiger ängſtlicher Pedantismus in der Chronologie,
1218 2552 2178 2599 welche dem Verfaſſer mannigfache Schwierigkeiten und dem
1218 2597 2190 2644 Werkchen fühlbare Mängel bereiteten. Unter beiden Män⸗
1220 2640 2175 2688 geln leidet ganz beſonders der dritte — in Zukunft hof⸗
1215 2688 2166 2734 fentlich erſte — Hauptabſchnitt, ‚die Zeit der Verfolgung
1218 2732 2175 2781 der Kirche im römiſchen Reiche’ Nr. 14—23 S. 16—29.
1224 2778 2186 2827 Statt hier in acht aufeinanderfolgenden Nummern die acht
1224 2823 2181 2872 hauptſächlichſten Chriſtenverfolgungen aneinandergereiht
1221 2870 2172 2919 zu finden, was trotz der ſchönen Darſtellung mit eingefloch⸗
1221 2916 2178 2961 tenen Martyreracten den Eindruck der Einförmigkeit machen
1224 2961 2178 3007 mußte, hätte ſich an einigen vom Volke beſonders verehr⸗
1218 3003 2178 3052 ten Heiligen oder ſonſtigen hervorragenden Männern (Ori⸗
1221 3047 2181 3097 genes, Tertullian) als ebenſovielen Charakterköpfen aus
1218 3091 2184 3142 allen Ländern und Ständen ein lebendiges Geſammtbild
