2387 3365
1149 115 1209 148 77
189 225 1130 268 der Literatur namentlich bekannt durch ſein Lehrbuch der reinen
195 259 1134 304 und techniſchen Chemie, am 13. in Fulda Domdechant Dr. La⸗
198 297 1142 340 berenz, ein tüchtiger Orientaliſt, am 14. in Marburg der
192 333 1134 376 Prof. des röm. Rechts Dr. C. Büchel, am 19. in Dresden
189 369 1139 412 der vormalig Conrector der Kreuzſchule Dr. K. G. Helbig,
188 403 1134 447 am 29. in Stuttgart, 75 Jahre alt, der als Ueberſetzer alt⸗
198 439 1140 484 claſſiſcher Dichtungen (Sophocles, Euripides, Aeſchylus, Ariſto⸗
198 474 1149 517 phanes, Pindar, Homer, Terenz, Plautus) und der Luſiaden
195 510 1136 550 des Camoëns bekannte Prof. a. D. J. J. Chr. Donner als
203 547 1146 586 Greis von 74 Jahren, am 30. März in Breslau der bekannte
200 582 1140 622 Convertit Dr. David Auguſt Roſenthal, der ſich als
204 621 1137 658 Schriftſteller beſonders durch ſeine in zwei Auflagen erſchienenen
203 655 1140 694 ‚Convertitenbilder aus dem 19. Jahrh.’ einen Namen erworben
201 691 1149 730 hat, am 1. April in Königsberg, 67 Jahre alt, der als Schrift⸗
195 727 1143 768 ſteller und Lehrer hochverdiente Prof. der Mathem. Dr. F. J.
198 763 1140 802 Richelot, am 4. April in Stuttgart im 38. Lebensjahre der
194 801 1149 838 Africa-Reiſende Karl Mauch, am 7. April in Baden⸗Baden
192 838 1031 874 der bekannte Dichter und Demokrat Georg Herwegh.
444 1044 909 1080 Redactions⸗Correſpondenz.
309 1161 1152 1197 Leider ſind trotz aller Bemühungen, einen correcten Text
204 1195 1149 1234 herzuſtellen, auch in Nr. 3 ein paar ſehr unangenehme Druck⸗
213 1231 1152 1270 fehler ſtehen geblieben. Seite 45 Sp. 1 &. 15 v. o. iſt ſtatt
210 1269 1155 1305 ‚beſtätigt’ zu leſen: bethätigt. Seite 46 Sp. 2 &. 24 v. u.
213 1306 993 1342 ſtand ſtatt ‚genügende’ im Manuſcript: zwingende.
321 1341 1146 1377 Herr Prof. Dr. Friedhoff hat der Redaction eine Erklä⸗
198 1375 1158 1413 rung gegen die in Nr. 2 der Rundſchau gebrachte Kritik ſeiner
207 1410 1155 1447 ‚Geſch. des A. u. N. B.’ zugeſtellt. Einer ſpaltenlangen Er⸗
204 1446 1152 1485 widerung konnte, in Uebereinſtimmung mit dem Erſuchen des
210 1480 1152 1521 Herrn Prof. Friedhoff, nur ein Platz im Inſeratentheile des
207 1515 1148 1554 Blattes eingeräumt werden. Der unten folgenden Gegenerklä⸗
200 1549 1152 1587 rung des Herrn Pfarrers Dr. Schulte haben wir nur dieſes
204 1581 1151 1621 hinzuzufügen: Ein opus omnibus numeris absolutum hat unſeres
206 1617 1148 1654 Wiſſens noch kein Sterblicher zu Stande gebracht. Wenn aber
215 1651 1152 1690 Herr Dr. Schulte ſeine längſt gehegte Abſicht, eine Geſchichte
207 1689 1151 1728 des israelitiſchen Volkes zu veröffentlichen, zur Ausführung
207 1726 1161 1764 bringen ſollte, ſo wird dieſelbe, wie keinen Augenblick zweifelhaft
204 1764 1160 1803 ſein kann, beweiſen, daß ihr Verfaſſer des Stoffes ſowohl wie
201 1807 615 1840 der Form völlig Meiſter iſt.
1536 225 1805 258 Gegenerklärung.
1317 285 2153 330 Nach dem alten Grundſatze, daß dem Angegriffenen die
1209 321 2150 370 Gegenrede unverwehrt ſein müſſe, glaubte ich das Anſuchen des
1215 358 2148 406 Herrn Profeſſors Dr. Friedhoff um Abdruck der Erklärung
1209 396 2156 442 bei der Redaction befürworten zu ſollen. Ich bedaure nur,
1212 429 2156 478 daß ich mich auch nach dieſer ‚Erklärung’ außer Stand ſehe,
1218 465 2156 513 irgend eine meiner Ausſtellungen zurückzunehmen. Von einer
1209 502 2151 550 Fälſchung der Friedhoff’ſchen Darſtellung meinerſeits kann
1209 538 2150 586 um ſo weniger Rede ſein, als Herr Profeſſor Friedhoff
1209 573 2160 621 auch jetzt wieder das Verhältniß Gottes zu den Heiden ſo
1224 607 2157 658 faßt, als habe eine beſondere Führung der Völker von Seiten
1221 646 2160 693 Jehovahs ſtattgefunden. Ich bin der Meinung, daß der Herr
1215 682 2157 729 ihnen ſeine Fürſorge nur dann und nur inſoweit zuwandte, wann
1221 717 2154 763 und wie weit die Sorge für das jüdiſche Volk das erheiſchte.
1212 751 2151 799 Im Uebrigen ‚gab er ſie hin an die Gelüſte ihres Herzens’,
1215 787 2154 835 weil ‚ſie die Erkenntniß Gottes verwarfen’ und ‚die Wahrheit
1215 820 2160 870 Gottes mit der Lüge vertauſchten’. Das iſt mir der Act der
1230 856 2157 906 ſtrafenden Gerechtigkeit. — Die Stellung der Propheten betref⸗
1230 892 2160 943 fend, bleibe ich dabei, daß ſie zum Hohenprieſterthume in kei⸗
1227 928 2163 979 ner Abhängigkeit ſtanden. Jehovah beruft ſie und ihm allein
1224 964 2157 1015 ſind ſie verantwortlich. Ein Vergleich des hohenprieſterlichen
1217 1002 2159 1051 Amtes des A. B. mit dem päpſtlichen Primat iſt, ſoweit es ſich
1221 1033 2160 1086 um die lehramtliche Thätigkeit handelt, ſchlechthin unzuläſſig.—
1230 1075 2160 1123 Von Jacobs käuflich erworbenem Rechte auf die Primogenitur
1221 1111 2163 1158 habe ich nicht geſprochen: ich habe nur getadelt, daß die Lüge
1217 1146 2166 1194 Jacobs eben nicht Lüge genannt iſt. — Daß die Formen der
1218 1185 2166 1230 hebräiſchen Buchſtaben den Rückſchluß auf die Erfindung der
1215 1222 2172 1266 Buchſtabenſchrift durch Moſes verlangen oder auch nur geſtatten,
1218 1255 2172 1302 bleibt dem Verfaſſer zu beweiſen. Den von ihm in der Vor⸗
1230 1291 2169 1339 rede als Zeuge angerufenen Schriftſteller hatte ich nicht über⸗
1230 1327 2169 1375 ſehen; ich war aber bislang der Meinung, daß dieſer Eupole⸗
1227 1363 2178 1411 mus nach ſeinen Fragmenten bei Joſephus, Euſebius und Cle⸗
1229 1399 2181 1446 mens von Alexandrien als ein ‚wichtiger’ Schriftſteller nicht
1223 1438 2165 1482 bezeichnet werden kann. Bei der Frage über die Erfindung
1221 1473 2165 1516 der Buchſtabenſchrift kann ein unkritiſcher Schriftſteller aus den
1224 1506 2181 1552 Anfängen der Makkabäerzeit in keinem Falle mitreden. — Schließ⸗
1224 1542 2165 1584 lich beſtreite ich nicht, daß der Herr Verfaſſer noch ‚über viele
1230 1575 2175 1618 Punkte beſtimmte Anſichten entwickelt hat’. Hätte ich dieſelben
1224 1609 2175 1651 aber in den Kreis meiner Beſprechung gezogen, ſo würde ich
1221 1647 2178 1689 kaum günſtiger über ſie geurtheilt haben, als über die be⸗
1227 1695 1494 1729 ſprochenen Punkte.
1329 1734 1808 1773 Erwitte, den 10. März 1875.
1790 1782 2078 1813 Pfarrer Schulte.
1044 1931 1336 2022 Büchertiſch.
402 2079 978 2116 Encyclopädieen. Sammelwerke.
198 2134 1167 2176 Bibliothek, internationale wissensch. 10. Bd. (Die Ortsbe-
279 2172 1167 2212 wegung der Thiere von J. B. Pettigrew.) 8. Leipzig.
275 2214 434 2245 Brockhaus. 4.—
207 2242 1161 2289 Biographie, allg. deutſche. 2. u. 3. Lfg. gr. 8. Leipzig. Duncker
288 2275 1173 2320 u. Humblot. à 2. 40
213 2316 1161 2358 Rümelin, G., Reden u. Aufſätze. gr. 8. Tübingen. Laupp. 7. 40
489 2437 897 2479 Katholiſche Theologie.
213 2503 1170 2547 Bach, J., Dogmengeschichte des Mittelalters. 2. Bd. gr. 8.
300 2538 1173 2580 Wien. Braumüller. ?. ?
215 2572 1164 2615 Fidelis a Fanna, ratio novae collectionis operum omn. S
288 2608 1160 2653 Bonaventurae. gr. 8. Taurini. (Leipz. Brockhaus’ Sort.)
1103 2643 1172 2676 3. 50
231 2680 1179 2728 Gury, J. P., Compend. theol. mor. Ed. noviss. multis cor-
291 2716 1166 2763 rectionibus aucta . . . . a R. P. Henrico Dumas.
290 2748 1166 2799 2 Voll. gr. 8. Freib. Herder. 10.—
231 2787 1184 2839 Hake, P., Handbuch der allg. Religionswiſſenſch. 1. Thl. : Die
306 2827 1170 2872 nat. Grundlagen der kath. Rel. und deren Gegenſätze. gr. 8.
296 2859 1179 2908 Ebend. 2. —
233 2895 1178 2946 Hefele, C. J. v., Conciliengeſchichte. 3. Bd. 2. Aufl. gr. 8.
297 2932 1179 2982 Ebend 10. 40
234 2970 1173 3018 Martin, C., das chriſtl. Leben. 2. Aufl. 8. Mainz. Kirchheim.
1106 3000 1157 3035 3. —
233 3039 1185 3088 Philippi a Ss. Trinitate Summa theologiae mysticae, cura
297 3075 1185 3126 R. P. Bertholdi Ignatii a S. Anna. 3 Voll. gr. 8.
297 3108 1170 3163 Freiburg. Herder. 20. —
1239 2058 2174 2101 Surius, Historiae seu vita Sanctorum. Vol. 1: Ianuarius.
1301 2091 2174 2139 gr. 8. Aug. Taur. Loescher. (Leipzig. Brockhaus’ Sort.)
2096 2125 2141 2158 10. —
1227 2161 2175 2208 Werfer, A., die Poeſie der Bibel. 8. Tübingen. Laupp. 3. 60
1515 2215 1917 2254 Akatholiſche Theologie.
1233 2248 2175 2298 Bleek, F., Einl. in das N. T. 8. Aufl., besorgt von W. Man-
1311 2281 2174 2332 gold. gr. 8. Berlin. G. Reimer. gr. 8. 13. 50
1233 2320 2175 2368 Bibel⸗Lexikon, herausg. v. D. Schenkel. 41. (Schluß⸗) Heft.
1319 2361 1679 2404 gr. 8. Leipzig. Brockhaus. 1. —
1229 2392 2178 2442 Hausrath, A., neuteſtamentl. Zeitgeſch. 2. Thl: Die Zeit der
1311 2428 2139 2476 Apoſtel. I. 2. Aufl. gr. 8. Heidelberg. Baſſermann. 9. —
1245 2464 2178 2514 Handwörterbuch des bibl. Altertums, herausg. von E. C. A.
1311 2500 2187 2547 Riehm. 2. Lfg. Bielefeld. Velhagen u. Klaſing. 1. 60
1245 2536 2190 2583 Wichelhaus, J, akad. Vorlesungen über das N. T, herausg.
1314 2572 2138 2619 von A. Zahn. 1. Bd. gr. 8. Halle. Fricke 3. —
1605 2616 1817 2656 Philoſophie.
1242 2664 2181 2712 Bergmann, J., zur Beurth. des Kriticismus vom idealiſtiſchen
1326 2698 2166 2742 Standpunkte. gr. 8. Berlin. Mittler. 3. —
1239 2734 2193 2784 Dieterich, K., Philosophie n. Naturwissenschaft, ihr neuestes
1323 2769 2189 2818 Bündniss u. die monistische Weltanschauung. 8. Tübin-
1328 2806 2193 2851 gen. Laupp. 1. 60
1248 2844 2190 2893 Hertling, G. Frhr. v., Grenzen der mechaniſchen Naturerklä⸗
1320 2880 1710 2923 rung. gr. 8. Bonn. Weber.
1245 2914 2187 2964 Pünjer, G. Ch. B, die Religionslehre Kant’s. gr. 8. Jena
1326 2947 2193 2995 Dufft. 2. 40
1248 2983 2178 3036 Spicker, G., Kant, Hume u. Berkeley. Eine Kritik der Er-
1323 3018 2195 3066 kenntnisstheorie. gr. 8. Berlin. Duncker. 4. 50
1260 3054 2195 3105 Walter, J, die Lehre von der prakt. Vernunst in der griech.
1316 3093 2130 3136 Philosophie. gr. 8. Jena. Dufft 11. —
