2387 3353
1134 43 1197 194 123
170 231 1118 276 Corpus scriptorum ecclesiasticorum latinorum. Vol. IV.:
240 267 1128 312 Arnobii adversus nationes libri VII. Ex rec. Aug.
252 300 1082 346 Reifferscheidii. gr. 8. Wien. Gerold. 6. —
444 367 849 406 Akatholiſche Theologie.
168 411 1128 454 Duhm, B., die Theologie der Propheten als Grundlage für
252 447 1118 490 die innere Entwicklungsgeschichte der israel. Rel. gr. 8.
249 481 1118 526 Bonn. Marcus. 5. —
548 544 762 580 Philoſophie.
173 592 1122 634 Dieterici, F., die Naturanschauung u. Naturphilosophie der
245 628 1155 672 Araber im 10. Jahrh. 2. Ausg. gr. 8. Leipzig. Hinrichs.
1056 664 1131 697 2. 25
171 702 1125 744 Kaſtner, L., Martin Deutinger’s Leben und Schriften. Beitrag
254 736 1142 778 zur Reform der Philoſophie und Theologie. 1. Bd. gr. 8
254 765 1158 816 München. Lindauer. 13. —
180 810 1150 852 Ulrich, W. v., die Seele oder das geiſtige Weſen. 8. Königs⸗
255 844 1128 886 berg. Braun u. Weber. 1. 50
180 882 1146 922 Volkmann Ritter v. Volkmar, W., Lehrbuch der Psycho-
249 919 1128 958 logie vom Standpunkte des Realismus u. nach genet. Me-
251 954 1142 996 thode. 1. Bd gr. 8. Cöthen. Schulze. 9. —
570 1018 765 1053 Pädagogik.
179 1065 1140 1102 Kluckhohn, A., Beiträge zur Geschiohte des Schulwesens in
255 1102 1128 1138 Bayern vom 16. bis zum 18. Jahrhund. gr. 4. München.
255 1138 1137 1176 Franz. (Comm.). 2. 40
174 1174 1144 1212 Rein, W., pädag. Studien. 1. Heft. Herbart’s Regierung, Un⸗
252 1207 1149 1249 terricht u. Zucht. gr. 8. Eiſenach. Bacmeiſter. 1. —
501 1272 824 1306 Naturwiſſenſchaft.
177 1314 1154 1356 Hartsen, F. A. v., neue chem. Untersuchungen. gr. 8. Nord-
260 1355 1150 1392 hausen. Förstemann. 1. 50.
182 1393 1140 1428 Hübner, J. G., Pflanzen⸗Atlas. 4. Aufl. qu. gr. 4. Heilbronn.
260 1423 1147 1464 Henninger. 5. —
179 1464 1156 1500 Leunis, J., u. F. Senft, Synopſis der drei Naturreiche. 3.
257 1497 1133 1534 Thl. Mineralogie und Geognoſie. Bearb. von F. Senft.
263 1530 1145 1570 1. Abth.: Mireralogie. gr. 8. Hannover. Hahn. 12. —
180 1566 1146 1603 Martius, C. F. P. de, Flora Brasiliensis. Fasc. LXVI. Fol.
248 1600 1145 1636 Leipz. F. Fleischer. 11. —
354 1624 1147 1669 — — Fasc. LXVII. 43. —
185 1666 1143 1705 Müller, J., Lehrbuch der kosm. Physik. 4. Aufl. gr. 8. Mit
251 1699 1159 1743 Atlas in 4. Braunschw. Vieweg. 24. —
182 1743 1157 1780 Quenstedt, F. A, Petrefactenkunde Deutschlands. 1. Abth
261 1779 1154 1819 4. Bd. (2. Heft,) Echinodermen. 8. Heft. gr. 8. Mit At-
254 1819 1153 1855 las in gr. 4. Leipzig. Fues. 10. —
176 1854 1157 1890 Schulze, L. R., das Buch der phyſik. Erſcheinungen. Frei nach
251 1889 1163 1929 Guillemin. 1. Lfg. Lex. 8. Leipz. Frohberg. 1. —
500 1951 836 1983 Rechtswiſſenſchaft.
189 1997 1156 2037 Bischoff, F., steiermärkisches Landrecht des Mittelalters. gr.
260 2032 1154 2070 8. Graz. Leuschner u. Lubensky. 6. —
183 2070 1140 2109 Corpus iuris civilis, ediderunt A. et M. Krigelii, A.
255 2104 1143 2143 Hermann, E. Osenbrüggen. Ed. 15. gr. 8. Leipz.
254 2140 1149 2179 Baumgärtner. 11. —
186 2176 1137 2218 Dahn, F., handelsrechtliche Vorträge. gr. 8. Leipz. Breitkopf
251 2216 1160 2251 u. Härtel 4. —
183 2245 1140 2286 Geſetz⸗Sammlung für die k. preuß. Staaten. Suppl. Bd. 1871
288 2281 1137 2326 — 74 incl. gr. 8. Berlin. Heymann. 18 M. geb. 20. —
186 2317 1140 2361 Hahn, F. v., Commentar zum allg. deutschen Handelsgesetz-
264 2353 1134 2400 buche. 2. Bd. 2. Aufl. 1 Lfg. gr. 8. Braunschw. Vieweg.
1073 2385 1142 2418 2. 80
186 2424 1146 2469 Hecht, F., die Mündel- u. Stiftungsgelder in den deutschen
270 2458 1146 2506 Staaten. gr. 8. Stuttgart. Cotta. 5. 50
183 2489 1149 2541 Hinſchius, P., das Reichsgeſetz über die Beurkundung des Per⸗
255 2532 1134 2580 ſonenſtandes u. die Eheſchließung vom 6. Febr. 1875. gr. 8.
263 2563 1158 2616 Berlin. Guttentag. geb. 3. —
192 2601 1146 2652 Preſern, B., Commentar zum allg. Grundgeſetzbuche vom 25.
273 2638 1137 2689 Juli 1871 u. der Grundbuchs⸗Inſtruction vom 12. Jan.
272 2671 1158 2724 1872. gr. 8. Wien. Manz. 4. —
198 2707 1146 2760 Puchta, G. F., Inſtitutionen. 8. Aufl. Beſorgt v. P. Krüger.
255 2737 1158 2797 1. Bd. gr. 8. Leipz. Breitkopf u. Härtel 8. —
201 2778 1137 2833 Schmidt, J., Lehrbuch des preuß. Rechts u. Proceſſes. 5. Ausg.
255 2814 1159 2871 2. u. 3. Lfg. gr. 8. Breslau. Maruſchke u. Behrend. à 3. —
192 2848 1140 2907 Steinitz, H., das neue preuß. Geſetz, betr. die Einſtellung der
270 2884 1151 2944 Leiſtungen aus Staatsmitteln f. die röm.⸗kath. Bisthümer
264 2920 1145 2980 u. Geiſtlichen. gr. 8. Berlin. Hempel. 2. 40
197 2953 1155 3015 Vering. F. H., Gesch. und Pandekten des röm. und heutigen
260 2989 1161 3052 gemeinen Privatrechts. 4. Aufl. 1. Lfg. gr. 8. Mainz.
266 3024 1149 3088 Kirchheim. 2. 50
201 3060 1143 3126 Walcker, C., Grundriß des allg. Staatsrechts. gr. 8. Berlin.
267 3097 1171 3163 Heymann. 3. —
1200 220 2151 259 Weisthümer, die Tirolischen. Hrsg. v. J. v. Zingerle u.
1257 255 2144 294 K. Th. v. Inama-Sternegg. 1. Thl. gr. 8. Wien.
1262 286 2158 328 Braumüller. 8. —
1191 330 2144 369 Windſcheid, B., Lehrbuch des Pandektenrechtes. 1. Bd. 4. Aufl.
1268 363 2172 406 gr. 8. Düſſeldorf. Buddeus. 15. —
1505 423 1845 457 Nationalökonomie.
1191 474 2145 513 Minoprio, Einl. in die Volkswirthſchaftslehre. gr. 8. Stuttgart.
1268 511 2161 549 Maier. 3. —
1449 570 1866 604 Geſchichte. Biographie.
1191 615 2170 655 Aſſmann’s, W., Geſch. des Mittelalters von 375—1492. 2.
1266 651 2151 693 Aufl. von E. Meyer. 1. Lfg. gr. 8. Braunſchweig. Vie⸗
1266 688 2154 726 weg. 3. 60
1194 723 2141 763 Arneth, A, Ritter v., Maria Thereſia und der ſiebenjährige
1272 756 2162 799 Krieg. 2 Bde. gr. 8. Wien. Braumüller. 24. —
1197 795 2157 837 Brunier, L., ein edles Frauenbild. Julie Recamier. 8. Preß⸗
1265 826 2158 872 burg. Heckenaſt 9. —
1197 864 2154 909 Döbner, R., die Auseinandersetzung zwischen Ludwig IV.
1275 901 2154 943 dem Bayer u. Friedr. dem Schönen v. Oesterreich im J.
1269 937 2158 982 1325. gr. 8. Göttingen. Peppmüller. 1. 60.
1197 972 2160 1017 Grunau’s, S., preuss. Chronik. Hrsg. v. M. PerIbach. 1.
1275 1008 2160 1056 Lfg. gr. 8. Duncker u. Humblot. 5. 60
1200 1043 2167 1089 Henner Th., Biſchof Hermann I. von Lobdeburg und die Be⸗
1277 1087 2165 1126 feſtigung der Landesherrlikeit im Hochſtift Würzburg (1225
1261 1117 2154 1158 —1254). gr. 8. Würzburg. Stuber 1. 40
1202 1158 2154 1200 Hirſch, S., Jahrbücher des deutſchen Reichs unter Heinrich II.
1278 1195 2160 1236 3. Bd. Hrsg. v. H. Breßlau. gr. 8. Leipzig. Duncker u.
1283 1218 2180 1270 Humblot. 9. —
1212 1270 2160 1311 Janſſen, J., Zeit⸗ und Lebensbilder. gr. 8. Freiburg. Herder.
2085 1302 2176 1335 6. —
1209 1340 2175 1381 Klopp, O., der Fall des Hauſes Stuart u. die Succeſſion des
1287 1375 2169 1416 Hauſes Hannover in Groß⸗Britannien u. Irland im Zu⸗
1281 1410 2168 1452 ſammenhange der europ. Angelegenheiten von 1660–1714.
1268 1442 2171 1486 2 Bde. gr. 8. Wien. Braumüller. 15. —
1209 1482 2159 1524 Libri Erectionum Archidioecesis Pragensis saeculo XIV et
1287 1519 2162 1558 XV. od. Borovy. Liber I. (1358—2375). Lex. 8. Prag.
1263 1548 2175 1590 Calve. 4. —
1203 1588 2157 1624 Mehlis, C., Studien zur ältesten Gesch. der Rheinlande. 1.
1284 1618 2159 1657 Abth. gr. 8. Leipz. Duncker u. Humblot. 1. 60
1206 1656 2153 1695 Pauli, C. W., Lübeck’s Mangeld u. Caperweſen. gr. 8. Lübeck.
1281 1693 2183 1731 Grautoff. 2. —
1205 1729 2157 1770 Schneider, L., der Krieg der Triple-Allianz gegen die Re¬
1281 1768 2157 1804 gierung der Republik Paraguay. 3. Bd. gr. 8. Berlin.
1278 1800 2163 1840 Behr. 9. —
1206 1837 2166 1878 Speil, F., P. Karl Antoniewicz, Miſſionär der Geſellſch. Jeſu.
1290 1873 2157 1912 Ein Lebensbild.gr. 8. Breslau. Aderholz. 5. —
1203 1909 2160 1948 Wegele, F. X., Graf Otto von Henneberg⸗Botenlauben u. ſein
1275 1944 2166 1986 Geſchlecht (1180–1250). gr. 8. Würzburg. Stuber. 1. 20
1206 1977 2169 2020 Zermelo, Th., August Ludwig Schlözer ein Publicist im
1280 2013 2165 2055 alten Reich. gr. 4. Berlin. Weber 1. 20
1424 2076 1949 2110 Geographie. Reiſen. Karten.
1206 2121 2166 2161 Brachelli, H. F., die Staaten Europas. Vergleichende Sta-
1293 2155 2166 2196 tistik. 3. Aufl. 1. Heft. gr. 8. Brünn. Buschak u. Irr-
1280 2191 2166 2233 gang 2. 40
1217 2223 2166 2268 Brugsch-Bey, H., Karte des alten Ober-Aegypten. Chromo-
1278 2259 2156 2302 lith. Leipzig. Hinrichs. 1. 50
1233 2295 2166 2343 — Karte des alten Unter-Aegypten. Chromolith. gr. Fol.
1283 2331 2165 2374 Ebendas. 1. 50
1209 2364 2154 2410 Cannabich’s, J. G. Fr., Lehrbuch der Geographie. 18. Aufl.
1281 2403 2160 2446 Neu bearb. von F. M. Oertel. 2. Bd. gr. 8. Weimar.
1296 2441 2187 2481 Voigt. 8. —
1212 2472 2157 2520 Gsell-Fels, Th., Rom u. Mittelitalien. 2 Bde. 2. völlig um-
1283 2508 2177 2556 gearb. Aufl. 8. Leipzig. Exp. der Meyer’schen Reise-
1287 2545 2168 2587 bücher. geb. 8. —
1212 2581 2157 2628 Kirchhoff, Th., Reiſebilder u. Skizzen aus Amerika. 1. Bd. 8.
1290 2617 2169 2660 Altona. Schluter. 1. 50
1209 2652 2160 2700 Kloeden, G. A. v., Handbuch der Erdkunde. 3. Aufl. 2. Bd.
1286 2688 2180 2733 Berlin. Weidmann. 10. —
1212 2722 2160 2772 Leuzinger’s, R., nene Karte der Schweiz. 1:400,000. Kupferst.
1287 2758 2179 2806 u. color. Imp. Fol. Bern. Dalp. auf Leinw. in Cart. 8. —
1221 2796 2169 2842 Mohr, E., Nach den Victoriafällen d. Zambesi. 2 Bde. gr. 8.
1290 2829 2173 2872 Leipzig. Hirt. 20 Mark. geb. 24. —
1209 2868 2175 2913 Special-Karte der Ost-Alpen. Oetzthaler Gruppe. 1. Tect.:
1278 2902 2171 2947 Similaun. 1:50.000. Chromolith. Fol. München. Lindauer.
2099 2940 2162 2973 1. 60
1224 2974 2162 3022 Rosenthal, E., Landschafts- u. Städtebilder aus Südamerika
1293 3009 2176 3052 Probe-Lfg. gr. 4. Berlin. Lichtwerk. 3. —
1227 3046 2162 3090 Wiedenmann, P. v., Karte der östl. Dolomitalpen. Lith.
1285 3081 2175 3124 gr. Fol. München. Lindauer. 4. —
