2387 3365
1154 136 1199 166 79
563 252 759 286 Philologie.
180 297 1136 342 Acta soc. philologae Lipsiensis ed. F. Ritschelius. Tom. 4.
254 333 1144 378 gr 8. Leipzig. Teubner 9. —
191 369 1130 414 Bock, K., lat. Metrik und Profodik. gr. 8. Berlin. Weidmann.
1068 396 1148 439 1. —
194 441 1136 483 Horatius’ Sermonen. Hrsg. u. erkl. v. A. Th. Fritzsche.
263 475 1134 520 1. Bd. gr. 8. Teubner. 2. 40.
194 511 1155 555 Iuliani imper. quae supersunt praeter reliquias apud Cyril-
257 544 1145 591 lum omnia. Rec. F. C. HertIein. Vol. I. 8. Leipzig
272 583 1145 628 Ebend. 4. 50
188 622 1140 663 Lysias’ ausgew. Reden. Erkl. v. H. Frohberger. Kleinere
261 652 1134 702 Ausg. gr. 8. Leipzig. Teubner. 3. —
186 689 1148 738 Mommſen, A., griech. Jahreszeiten. 3. Heft. Schleswig. Ber⸗
261 726 1134 774 gas. 4. 60
195 765 1140 808 Neue, F., Formenlehre der lat. Sprache. 2. Thl. 4. Lfg. gr. 8.
273 795 1140 844 Berlin. Calvary. 3. 60 Mark 2. Bd. cplt. 15. —
200 837 1148 880 Plutarchs ausgew. Biographien. Erkl. von O. Siefert u.
270 874 1140 916 F. BIass. 5. Bdchn. Agis u. Cleomenes. gr. 8. Leipzig.
273 906 1152 952 Teubner. — .90
195 946 1143 987 Suhle, B., und M. Schneidewin, übersichtl. griech. deut-
269 981 1145 1021 sches Handwörterbuch für die ganze griech. Literatur.
276 1017 1139 1059 Lex. 8. Leipzig. Hahn. 9. 75
200 1054 1140 1095 Teuffel, W. S., Gesch. der röm. Lit. 3. Aufl. gr. 8. Leipz.
266 1086 1139 1131 Teubner. 14. —
189 1126 1140 1167 Thucydidis de b. Pelop. libri VIII. Explanavit E. F. Poppo.
276 1162 1143 1204 Vol. II. Sect. 1. Ed. 2. cur. J. M. Stahl. gr. 8. Ebend.
1082 1194 1154 1230 2. 40
201 1233 1145 1273 Valerii Flacci Argonauticon libri VIII. Recognovit Aem.
273 1269 1142 1312 Baehrens. 8. Ebend. 1. 50
198 1303 1155 1345 Vergils Aeneide. Erläutert von K. Kappes. 4. Heft. gr. 8.
269 1338 1157 1384 Ebend. 1. 20
198 1378 1158 1417 Ziegler, C., Illustrationen zur Topographie des alten Rom.
276 1413 1155 1455 2. Heft. 3. u. 4. Abth. Atlas. qu. Fol. Text. 8. Stuttg.
273 1450 1098 1491 Neff. 6. —
515 1525 839 1558 Schöne Literatur.
201 1561 1098 1600 Björnſon, B., ein Falliſſement. 8. München. Ackermann. 2. —
207 1591 1161 1635 Bret Harte, Idyllen aus den Voralbergen. Ueberſetzt von M.
278 1624 1161 1669 Buſch. 8. Leipzig. Grunow. 4. 50
201 1665 1154 1707 Dewall, J. v., Graumann. Ein Roman aus kleinen Kreiſen.
281 1701 1101 1744 2 Bde. gr. 8. Stuttg. Hallberger. 6. —
207 1735 1148 1780 Dincklage⸗Campe, E. v., Nordlands⸗Geſchichten. 1. Bd. 6. —
209 1776 1154 1818 Götzinger’s, M. W., deutſche Dichter. 5. Aufl. 1. Lfg. Aarau.
278 1806 1167 1855 Sauerländer. —. 90
215 1849 1158 1891 Kompert, L., Zwiſchen Ruinen. Roman. 3 Bde. 8. Berlin. Janke.
1077 1885 1110 1915 12. —
215 1920 1158 1962 Müller, O., Diadem u. Maske. Roman. 3 Bde. gr. 8. Stuttg.
290 1953 1122 1999 Hallberger. 9. —
216 1992 1170 2037 Quitzmann, E., A., der Hain der Nornen. Culturgeſchichtliche
285 2026 1170 2068 Erzählung. 2 Bde. 8. Leipz. Schlicke. 7. 50
213 2061 1116 2104 Schmid, H., Columbus. Drama. 8. Leipz. Weber. 2. —
225 2098 1163 2145 Storm, Th., Gedichte. 5. verm. Aufl. Min. Berlin. Pätel. Eleg.
303 2130 1157 2179 geb. 5. —
213 2166 1166 2215 Tauchnitz Collection. gr. 16. Vol. 1475 a. 76: The law
285 2205 1166 2250 and the lady by W. Gollins. — 1479: Two by Tricks
291 2241 1166 2289 by E. Yates. — 1480 a. 81: A strange world by M.
285 2275 1166 2325 E. Braddon. — 1482, 83 a. 84: John Dorrien by Miss
284 2314 1176 2362 Kavanagh. à 1. 60
578 2389 827 2422 Verſchiedenes.
219 2431 1170 2481 Ketteler, W. E. Frhr. v., der Bruch des Religionsfriedens u.
291 2469 1164 2515 der einzige Weg zu ſeiner Wiederherſtellung. 1. u. 2. Aufl.
285 2503 1167 2550 8. Mainz. Kirchheim. —. 50
557 2625 854 2659 Erklärung.
327 2676 1173 2724 Pfarrer Schulte ſagt in einer Recenſion (Literariſche
228 2710 1179 2760 Rundſchau S. 2l.) meines Buches: Geſchichte des alten und
225 2748 1173 2796 neuen Bundes: ‚Falſch iſt ohne Frage die Behauptung, daß dem
234 2782 1176 2832 Volke Iſrael nicht eine ſämmtlichen heidniſchen Völkern ge⸗
240 2818 1167 2866 enüber pflichtmäßige, excluſive Stellung zukomme, und daß der
225 2854 1182 2902 iſraelitiſchen Religion der Geiſt der Ausſchließlichkeit fremd ſei.
224 2889 1170 2938 Bei ſolcher Auffaſſung wird ja vollſtändig verkannt, daß die Er⸗
231 2925 1170 2974 wählung Abrahams wie ein Act der Erbarmung gegen den Er⸗
239 2961 1173 3010 wählten, ſo ein Act der ſtrafenden Gerechtigkeit gegen die heidni⸗
242 2997 1173 3046 ſchen Völker war u. ſ. w.’ Was mir Schulte vorwirft, habe ich
242 3031 1182 3082 gar nicht geſagt. In meinem Buche § 25 S. 101 fla. habe ich
237 3069 1182 3118 nur entwickelt, daß Abraham und ſein Volk nicht in dem Sinne
237 3102 1187 3154 eine ausſchließliche Stellung und einen beſonderen Beruf von
1197 219 2147 268 Gott erhalten habe, daß Gott darum nicht auch mit väterlicher
1209 258 2148 304 Sorgfalt ſich aller Heiden angenommen habe: daß vielmehr
1209 292 2148 345 Abraham und ſein Volk um der übernatürlichen Ordnung des
1209 330 2145 378 ganzen Menſchengeſchlechts willen, alſo für das Heil der ganzen
1203 364 2159 414 Menſchheit berufen ſei, was der Herr, Joh. 4, 22: ‚das Heil
1200 402 2154 451 kommt von den Juden’ ſo prägnant ausſpricht; vergl. Röm.
1203 436 2142 487 9. 1—5. Jeder, welcher das alte Teſtament nur in etwa kennt,
1209 472 2148 523 weiß, mit welcher Sorgfalt Gott ſich auch der Heiden annimmt.
1209 510 2144 558 Er ſendet Propheten zu ihnen, wie den Jonas zu den Aſſyriern,
1203 546 2157 594 den Baruch, Ezechiel und Daniel nach Babylon, Iſaias und Jeremias
1209 579 2148 630 nehmen auf die Babylonier die häufigſte Rückſicht. In den Pro⸗
1215 616 2154 664 pheten und im Buche der Weisheit verkündigt Gott wiederholt,
1203 652 2151 700 daß er ſich Aller erbarme, weil alles ihm gehöre, daß er aus
1212 687 2151 736 allen Völkern Prieſter des neuen Bundes berufen wolle. Auch
1209 723 2157 772 den heidniſchen Ländern gibt Gott ſeine Engel als Beſchützer, wie
1212 759 2160 807 wir Daniel Cap. 10 ſehen. Gott erweckt unter den Heiden An⸗
1208 795 2160 843 hänger des wahren Gottes, wie Job, Melchiſedech und Jethro, den
1218 829 2157 877 Schwiegervater des Moyſes. Gott erleuchtet die Heiden durch Traum⸗
1209 864 2147 916 geſichte, wie den Pharao, die er ihm durch Joſeph erklären läßt,
1214 900 2153 951 ebenſo den Nabuchodonoſor durch einen Traum, den ihm Daniel
1215 934 2154 987 erklärt, den Balthaſar durch die geheimnißvolle Schrift, die ihm der⸗
1226 972 2160 1020 ſelbe Prophet auslegt. Bei Evilmerodach und bei Darius (Kyaxares
1215 1008 2156 1057 II.) iſt Daniel der allesvermögende Rathgeber dieſer Könige, wie
1217 1044 2156 1092 Mardochäus bei Xerxes. Jene Darſtellung meiner Lehre von Schulte
1218 1081 2160 1131 iſt daher eine bewußte oder unbewußte Fälſchung. Wenn Schulte
1221 1119 2163 1165 ſagt: ‚Die Erwählung Abrahams war ein Act der ſtrafenden
1226 1155 2156 1200 Gerechtigkeit Gottes gegen die Heiden,’ ſo iſt das unvernünftig
1215 1191 2162 1239 und unkatholiſch; denn wie kann ich mich darüber betrüben,
1224 1227 2168 1273 wenn nicht mir, ſondern einem Andern ein hoher Beruf, eine große
1224 1263 2162 1309 Gnade gegeben wird? Wie kann es für mich, ein ‚Act der ſtrafenden
1215 1297 2175 1345 Gerechtigkeit Gottes’ ſein, daß ich nicht Biſchof oder Ordensſtifter bin.
1223 1333 2156 1383 Zum Himmel geht jeder ſeinen eigenen Weg, wie an einem gro⸗
1221 1369 2165 1417 ßen Gebäude jeder Stein ſeinen eigenen Platz hat. Wem fiele
1221 1404 2180 1450 hier nicht das Wort ein: ‚Iſt dein Auge darum ſchalkhaft, weil
1224 1441 2178 1489 ich gütig bin?’ Weiter ſagt Schulte: ‚Unwahr ferner und für die
1224 1477 2172 1522 ganze Auffaſſung der theokratiſchen Ordnung von bedenklichem
1227 1513 2172 1558 Einfluſſe iſt die folgende Bemerkung: ‚Für die richtige Auffaſ⸗
1235 1546 2172 1590 ſung des Moſaismus iſt dieſe Grundwahrheit wohl zu beach⸗
1236 1581 2165 1623 ten, daß die Verkündigung des göttlichen Geſetzes durch die Prie⸗
1236 1618 2168 1659 ſter und ſelbſt durch die Propheten vom Hohenprieſter abhing,
1236 1653 2165 1696 und daß dieſer der Mittelpunkt des religiösen Lebens im ganzen
1236 1689 2180 1732 Bunde iſt.’ Gegen dieſe meine Darſtellung iſt Schulte beſon⸗
1230 1728 2166 1768 ders erbittert; ſie ſei gegen die Theokratie und das Propheten⸗
1230 1761 2181 1806 thum; ſie erinnere an mittelalterliche Zuſtände, an Prieſterge⸗
1236 1798 2180 1843 lüſte nach Herrſchaft u. ſ. w., und ich hätte ſie darum in unſerer
1244 1834 2174 1878 Zeit gar nicht vorbringen ſollen. Auf die für meine Auffaſſung
1233 1872 2180 1912 des Hohenprieſters den Propheten gegenüber angeführten Gründe
1236 1908 2168 1948 hat Schulte mit keiner einzigen Silbe Rücksicht genommen, weß⸗
1242 1941 2180 1986 halb ich mir folgendes eben zu bemerken erlaube: Die geſammte
1242 1977 2178 2020 Wirkſamkeit der Propheten im alten Bunde war vom aaroni⸗
1242 2013 2180 2058 ſchen Prieſterthume und deſſen Mittelpunkte, dem Hohenprieſter
1236 2049 2174 2094 abhängig. Dieſes folgt zunächſt aus der amtlichen Stellung des
1242 2085 2183 2127 Hohenprieſters, nach welcher er dem moyſaiſchen Geſetze zufolge
1239 2118 2171 2163 der Mittelpunkt des religiöſen Lebens für das ganze Voll Gottes
1239 2152 2181 2197 war. Dann folgt es aber auch aus vielen Stellen der hl. Schrift.
1245 2187 2180 2232 Schon im Anfange der Richterzeit befragen die Iſraeliten Gott
1236 2221 2178 2269 durch den Hohenprieſter, wer im Kampfe gegen die Kanaaniter
1251 2256 2169 2305 ihr Anführer ſein ſoll. Ebenſo David in allen wichtigen An⸗
1248 2292 2175 2344 gelegenheiten. So war Samuel, welcher zuerſt unter den Pro⸗
1239 2326 2187 2377 pheten nach Moyſes beſonders hervortritt, ſelbst aus prieſter⸗
1239 2364 2187 2412 lichem Geſchlechte. Ferner Iſaias 8, 2 nimmt der Prophet als
1239 2400 2187 2449 treuen Zeugen für ſeine prophetiſche Wirkſamkeit den Hohen⸗
1251 2436 2181 2484 prieſter Urias (4. Kön. 16, 10) und den Zacharias, einen Leviten
1251 2472 2178 2520 (wahrſcheinlich 1. Chron. 9, 21 und 2. Chron. 7, 17). Vergl.
1248 2508 2189 2557 Iſaias 22, 20, 21 (der Hoheprieſter ſoll für Juda ſorgen). Noch
1254 2545 2178 2593 ſchärfer bezeugt die Abhängigkeit der Propheten vom Hoheprie⸗
1245 2581 2193 2629 ſter Jerem. 29, 26 (eine höchſt wichtige Stelle); der Prophet
1248 2617 2193 2667 Aggäus wird 2, 3 an den Hoheprieſter verwieſen; daſſelbe
1242 2653 2180 2703 bezeugt das Buch Judith; Joh. 1, 19 flg. ſendet der hohe Rath,
1239 2689 2189 2739 an deſſen Spitze der Hoheprieſter ſtand, eine Geſandtſchaft an
1257 2724 2180 2776 Johannes, damit er ſich über ſeine prophetiſche Wirkſamkeit ver⸗
1239 2761 2181 2811 antworte; Chriſtus verweiſt immer auf die amtlichen Prieſter.
1242 2799 2190 2845 Der Blindgeborene (Joh. 9) wird vom hohen Rath gerichtet,
1245 2833 2186 2883 Chriſtus ſelbſt verantwortet ſich vor dem Hoheprieſter und dem
1251 2869 2199 2917 hohen Rathe; ebenſo Petrus in ſeinem und aller Apoſtel Namen
1248 2905 2193 2953 und Stephanus (Apg. Cap. 2— Cap. 7), auch Paulus (Apg.
1251 2938 2190 2988 Cap. 23). Freilich können wir dieſe Abhängigkeit der Prophe⸗
1251 2974 2186 3024 ten vom Hoheprieſter bei Elias, der ſogar den Baalsprieſtern
1245 3009 2180 3063 gegenüber opferte, obſchon wir nicht wiſſen, daß er Prieſter
1251 3045 2180 3094 war, und ſogar fern vom Tempel, nicht nachweiſen, noch auch
1251 3082 2189 3130 bei Eliſäus, und einigen andern Vropheten, aber der Grundſatz
