2387 3365
1137 0 1185 149 99
174 183 1139 232 daß er ſeit 1868 Vertreter der Univerſität Göttingen im Herren⸗
170 219 1142 267 hauſe war, und ſich hier an den Debatten über die hannover’⸗
171 255 1119 304 ſchen Provinzialfonds, die Dotationen etc. betheiligte. — Kaum
177 294 1118 340 war die Leiche des berühmten Rechtslehrers zur Erde beſtattet,
171 326 1137 375 als eine andere der Göttinger Celebritäten, Prof. Dr. Hein⸗
171 364 1125 411 rich Ewald, die irdiſche Laufbahn beſchloß (4. Mai). Er war
174 398 1140 445 am 16. Nov. 1803 zu Göttingen als Sohn armer Eltern ge⸗
173 435 1118 481 boren. Sein eminentes Talent, verbunden mit eiſernem Fleiße,
177 471 1119 516 half ihm raſch über die Vorſtufen ſeiner wiſſenſchaftlichen Lauf⸗
173 505 1125 552 bahn hinweg. Im zwanzigſten Lebensjahre wurde er Lehrer in
183 541 1122 586 Wolfenbüttel, 1824 Repetent bei der theolog. Facultät in Göt⸗
174 577 1119 622 tingen, 1827 außerordentlicher, 1831 ordentlicher Profeſſor in
179 613 1131 658 der philoſophiſchen Facultät, betheiligte ſich am 17. Nov. 1837
174 649 1128 694 an dem bekannten Proteſt der Göttinger Sieben (außer ihm
176 685 1128 729 Albrecht, Dahlmann, Gervinus, Jac. Grimm, Wilh. Grimm,
186 721 1122 766 Wilh. Weber) gegen die Aufhebung des Hannover’ſchen Staats⸗
179 756 1134 802 grundgeſetzes, wurde durch Cabinetsbefehl des Königs Ernſt
189 793 1131 835 Auguſt ſeines Amtes entſetzt, begab ſich zunächſt nach England,
186 828 1134 873 und fand im folgenden Jahre (1838) einen neuen Wirkungskreis
183 865 1137 907 an der Univerſität Tübingen, wo er zuerſt in die philoſophiſche,
185 900 1128 942 dann 1841 in die theologiſche Facultät eintrat. Zehn Jahre
186 936 1131 978 vertrat er in T. das doppelte Lehrfach der orientaliſchen Spra⸗
191 970 1134 1012 chen und Literaturen und der altteſtamentlichen Theologie vor
191 1006 1128 1048 einer bedeutenden Zahl begeiſterter Zuhörer. Der 1848 eintre⸗
195 1042 1134 1084 tende politiſche Umſchwung führte für E. die erwünſchte Gelegen⸗
201 1078 1134 1120 heit herbei, in ſeine alte Göttinger Stelle zurückzukehren. Das
188 1114 1146 1156 Jahr 1866 aber, welches das Königreich Hannover von der
183 1150 1137 1191 Karte ſtrich, brachte ihm einen neuen Conflict. Der früher ab⸗
183 1186 1137 1228 geſetzte und gemaßregelte Profeſſor war es, welcher für die alte
201 1222 1143 1263 Dynaſtie eintrat, den vom neuen Landesherrn geforderten Hul⸗
198 1260 1149 1299 digungseid verweigerte, alle Verſuche ſeiner Freunde, ihn zu
201 1293 1155 1333 ihrer Auffaſſung des Eides zu bekehren, zurückwies und gegen
192 1330 1146 1368 die Annexionspolitik in Wort und Schrift aufs ſtärkſte proteſtirte.
197 1363 1146 1404 Im Winterſemeſter 1867/68 wurde ihm die Fortſetzung der be⸗
195 1399 1157 1438 gonnenen Vorleſungen auf höheren Befehl unterſagt und ſeitdem
192 1434 1146 1474 iſt ſein Name aus den Lectionscatalogen verſchwunden. 1869
198 1468 1149 1510 erſchien ſeine Schrift: ‚Lob des Königs und des Volkes’ in 2
198 1504 1152 1543 Auflagen, welchen 1870 drei weitere Auflagen folgten; dieſe
201 1536 1151 1578 Schrift zog ihm von Seiten der Staatsanwaltſchaft die An⸗
189 1570 1146 1612 klage auf Majeſtätsbeleidigung zu, von welcher ihn aber das Göt⸗
1200 157 2136 211 tinger Obergericht freiſprach. Seit 1869 war E. Vertreter der
1199 193 2136 249 Hauptſtadt Hannover im Reichstage. Mit Proceſſen reich be⸗
1209 229 2145 285 glückt, machte er auch noch als 70jähriger Greis die Bekannt⸗
1197 267 2148 321 ſchaft des Gefängniſſes. Er iſt geſchieden; er hat den Ruf eines
1191 304 2133 357 unbeugſamen und ſchroffen, aber auch eines überzeugungstreuen,
1205 339 2132 393 ehrlichen und reinen Characters mit in’s Grab genommen. Als
1194 375 2142 429 orientaliſcher Philolog war E. eine Größe erſten Ranges. Auf
1191 411 2136 463 theologiſchem Gebiete war ſein Standpunkt der des Rationalis⸗
1197 445 2148 499 mus; er hat ſich auch ſeit 1863 für die Gründung des ‚Prote⸗
1197 481 2139 534 ſtantenvereins’ lebhaft intereſſirt und bemüht. Seine bibliſch⸗
1206 516 2151 571 exegetiſchen Schriften characteriſiren ſich durch bodenloſen Sub⸗
1206 555 2148 606 jectivismus, ſouveräne Verachtung fremder Leiſtungen und wun⸗
1200 588 2144 642 derliche, dem Stoffe fern liegende Abſchweifungen. Die Haupt⸗
1194 625 2157 678 werke Ewald’s ſind: Ausführliches Lehrbuch der hebräiſchen
1203 661 2148 712 Sprache des alten Bundes, 8. Ausg. 1870; hebr. Sprachlehre
1203 697 2139 748 für Anfänger, 4. Ausg. 1874; grammatica crit. linguae arab.,
1206 732 2142 783 vol. prius 1821, posterius 1833; Geſchichte des Volkes Iſrael
1197 766 2151 817 in 7 Bänden (bereits in 2. reſp. 3. Aufl. erſchienen) mit einem
1209 802 2157 853 Anhange: Die Alterthümer des Volkes Iſrael, 1 Band, 3. Ausg.
1214 837 2160 888 1864; die Dichter des alten Bundes (Pſalmen und Klagelieder
1211 873 2159 927 2. Ausg. 1866, Salomoniſche Schriften, Job) erklärt, 4 Bde.;
1212 907 2160 961 die Propheten des alten Bundes erklärt, 3 Bde., 2. Ausg. 1867
1202 945 2162 996 u. 1868; die drei erſten Evangelien u. die Apoſtelgeſch. überſ.
1206 979 2175 1033 u. erkl., 2 Bde., 2. Aufl. 1871 u. 72; die Sendſchreiben des Ap.
1206 1014 2175 1069 Paulus überſ. u. erkl., 1857; das Sendſchreiben an die He⸗
1217 1051 2166 1104 bräer und Jakobos’ Rundſchreiben überſetzt und erklärt, 1870;
1215 1089 2168 1140 die Johanneiſchen Schriften überſetzt und erkl., 2 Bde., 1862;
1223 1126 2174 1176 ſieben Sendſchreiben des neuen Bundes, überſetzt und erklärt,
1214 1162 2175 1210 1870; die Lehre der Bibel von Gott, oder Theologie des alten
1223 1197 2177 1248 und neuen Bundes, 1. Bd.: die Lehre vom Worte Gottes,
1215 1233 2175 1284 1871, 2. Bd.: die Glaubenslehre, 1874. Außerdem viele Ge⸗
1221 1270 2181 1320 legenheitsſchriften und Abhandlungen. Seit 1848 erſchienen ſeine
1226 1305 2177 1359 ‚Jahrbücher der bibliſchen Wiſſenſchaft’. — Engliſche Blätter
1221 1341 2184 1392 meldeten kürzlich den Tod des Africa⸗Reiſenden Winwood
1223 1377 2183 1428 Reade, Correſpondenten der Times im Aſchantikriege. Als
1224 1413 2183 1461 Schriftſteller iſt er bekannt durch ſeine Werke: Savage Africa,
1224 1449 2180 1497 The Martyrdom of Men und African Sketchbook; die beiden
1227 1485 2181 1534 letzten fanden von der einen Seite warme Bewunderer, von der
1221 1521 2178 1567 andern ſcharfen Tadel; Anerkennung wurde ihnen unter andern
1221 1563 1839 1600 von Darwin und ſeiner Schule zu Theil.
1064 1711 1323 1753 Büchertiſch.
351 1798 996 1840 Encyclopädieen und Sammelwerke.
198 1843 1155 1885 Herder’s Converſationslex. 2. Aufl. 1. Heft. Lex. 8. Freiburg.
296 1879 1146 1922 Herder. —. 50
207 1915 1155 1959 Weech, F. v., badiſche Biographieen. 2. Lfg. gr. 8. Heidelberg.
269 1962 446 1995 Baſſermann. 1. 80
477 2031 882 2070 Katholiſche Theologie.
207 2073 1163 2122 Gerhohi Reichersb. op. hactenus inedita cur. F. Scheibel-
288 2109 1113 2157 berger. Tom. 1. pars 2. gr. 8. Linz. Quirein. 4. —
216 2146 1161 2197 Hefele, C. J., v., Conciliengeſch. 3. Bd. 2. Aufl. gr. 8. Freib.
297 2179 1167 2230 Herder 6. 60
207 2217 1170 2268 Jungmann, B., instit. Theologiae dogm. spic. Tractatus de
285 2251 1157 2299 Deo creatore. Ed. 3. gr. 8. Regensb. Pustet. 3. 60
207 2289 1158 2340 Laemmer, H., Meletematum romanorum mantissa. gr. 8. Re-
296 2326 1119 2371 gensburg. Manz. 10. —
225 2362 1167 2409 Werner, Dr. K., Beda der Ehrwürdige und seine Zeit, gr.
281 2394 1181 2443 8. Wien. Braumüller. 3. —
213 2434 1173 2481 Zschokke, H., das Buch Job. Uebersetzt und erkl. gr. 8.
291 2469 1125 2514 Ebendas. 7. —
495 2548 900 2593 Akatholiſche Theologie.
219 2593 1176 2641 Harleß, C. G. A., v., chriſtl. Ethik. 7. Aufl. gr. 8. Gütersloh.
303 2629 1134 2679 Bertelsmann. 9. —
216 2665 1170 2716 Lindenmeyer, J., Geſch. Jeſu nach der h. Schrift. 1. Hälfte.
302 2701 1137 2752 gr. 8. Baſel. Riehm. 3. —
225 2734 1182 2788 Rocholl, N., die Realpräſenz. Das Lehrſtück von der Gegenwart
303 2770 1182 2826 des Herrn bei den Seinen. gr. 8. Gütersloh. Bertelsmann.
1103 2806 1185 2839 7. 20.
606 2889 816 2926 Philoſophie.
225 2932 1176 2989 Biedermann, G., die Naturphilosophie. gr. 8. Prag. Tempsky.
1106 2974 1191 3034 8. —
228 3001 1176 3060 Busolt, G., die Grundzüge der Erkenntnisstheorie und Me-
303 3040 941 3099 taphysik Spinoza’s. gr. 8. Berlin. Mittler. 4. —
1221 1768 2187 1816 Dorner, zur Erinnerung an den 100jährigen Geburtstag von
1286 1801 2178 1851 F. W. v. Schelling. gr. 8. Gotha. Beſſer. 1. 80
1221 1840 2175 1887 Körner, F., Instinkt und freier Wille. Beiträge zur Thier-
1293 1878 2129 1921 und Menschenpsychologie. gr. 8. Leipzig. Scholtze. 5. —
1221 1911 2180 1962 Lange, F. A., Geschichte des Materialismus u. Kritik seiner
1296 1947 2186 1993 Bedeutg. in der Gegenw. 2. Aufl. 2. Buch. Gesch. des
1299 1981 2175 2029 Mat. seit Kant. 2. Hälfte. gr. 8. Iserlohn. Bädeker. 6. —
1221 2017 2181 2065 Tobias, W., Grenzen der Philosophie. Constatirt gegen
1308 2052 2186 2100 Riemann u. Helmholtz, vertheidigt gegen v. Hartmann
1293 2089 2145 2133 und Lasker. gr. 8. Berlin. Müller. 8. —
1551 2185 1875 2221 Naturwiſſenſchaft.
1236 2224 2187 2278 Carus, J. V, und C. E. A. Gerstaecker, Handbuch der
1302 2260 2181 2313 Zoologie. 1. Bd. 2. Hälfte. gr. 8. Leipzig. Engelmann.
2102 2292 2180 2324 12. —
1236 2332 2196 2386 Dammer, O., kurzes chem. Wörterbuch. 12. Lfg. gr. 8. Ber-
1308 2365 2187 2421 lin. Oppenheim. 1. 20
1238 2401 2187 2457 Dohrn, A., der Ursprung der Wirbelthiere und das Princip
1311 2436 2198 2491 des Functionenwechsels. gr. 8. Leipzig. Engelmann. 2. —
1242 2475 2196 2530 Handwörterbuch, neues. der Chemie. Bearb. u. redig. von
1323 2511 2193 2563 H. v. Fehling. 16. Lfg. gr. 8. Braunschw. Vieweg. 2. 40
1239 2548 2193 2604 Heppe, G., die chemischen Reactionen der wichtigsten anorgan.
1317 2583 2205 2638 u. organ. Stoffe. 13. (Schluss-) Lfg. gr. 8. Leipzig. Koll-
1319 2617 2199 2670 mann. 1. 20
1239 2656 2202 2712 Kuhl, J., die Anfänge des Menschengeschlechts und sein
1329 2692 1953 2740 einheitl. Ursprung. gr. 8. Bonn. Habicht. 4. —
1245 2727 2199 2781 Kurr, v., das Mineralreich. 2. Aufl. 2. Ausg. Fol. Eßlingen.
1328 2764 2160 2812 Schreiber. cart. 10. —
1245 2800 2205 2854 Schmidt, J. F. J., Studien über Erdbeben. gr. 8. Leipzig.
1317 2832 2181 2884 Scholtze. 15. —
1257 2869 2202 2925 Weismann, A. Studien zur Descendenztheorie. I. Ueber den
1317 2904 2207 2958 Saison-Dimorphismus der Schmetterlinge. gr. 8. Leipzig.
1320 2941 2157 2992 Engelmann. 4. —
1260 2973 2207 3033 Wigand, J. W. A., Flora v. Kurhessen u. Nassau. 2. Aufl.
1317 3009 2207 3064 8. Cassel. Kay. 4. 50 M. geb. 5. 50
