2365 3351
1189 144 1227 177 122
185 247 1152 292 insbeſondere des derſelben zu Grunde liegenden und ſie durch⸗
192 283 1146 325 waltenden geometriſchen Princips. Man vergleiche das 5. Ka⸗
195 321 1157 363 pitel des IV. Bandes mit den bezüglichen Abhandlungen von
207 357 1151 397 Reichensperger in deſſen vermiſchten Schriften über chriſtliche
198 393 1151 433 Kunſt S. 55—72 und S. 125—133. Eine neue Ausgabe
200 427 1158 468 von Schnaaſe’s Kunſtgeſchichte iſt unter Mitwirkung von Lützow,
197 463 1146 505 Friederichs, Rahn, A. Schulz, Lübke, Moltmann in den Jah⸗
212 501 1151 540 ren 1865 bis 1874 erſchienen. —Mit Johann Adam
203 537 1161 574 Klein, der am 21. Mai ſtarb, iſt der Neſtor der Münchener
209 573 1146 610 Künſtler geſchieden, geb. am 24. Nov. 1792 in Nürnberg. Die
212 609 1151 646 Periode ſeines künſtleriſchen Werdens und ſeines erſten Schaffens
210 645 1158 682 verlebte er in Nürnberg und Wien, ſiedelte dann nach einem
206 679 1158 718 kurzen Aufenthalte in Ungarn (1817) nach Rom über, wo er
212 715 1158 756 dem damaligen Kronprinzen Ludwig von Bayern vorgeſtellt
212 751 1158 792 wurde. Der bayeriſchen Hauptſtadt gehörte er ſeit 1837 an. Er
201 789 1149 829 malte zahlreiche Oel⸗ und Aquarell⸗Bilder, größtentheils Thier⸗
203 825 1161 864 und Genreſtücke; ſeinen Ruhm verdankt er aber hauptſächlich
210 859 1155 900 ſeinen zahlreichen, durch Schärfe der Characteriſtik der Men⸗
213 895 1164 937 ſchen und Thiere, durch glückliche Verbindung des Landſchaft⸗
209 933 1160 972 lichen mit der Hauptdarſtellung und Präciſion der Behandlung
207 966 1151 1009 ſich auszeichnenden Radirungen. — Am 22. Mai ſtarb in Stutt⸗
215 1005 1161 1044 gart im 63. Lebensjahre der Prof. am königl. Gymnaſium Dr.
210 1041 1158 1081 Reuſchle, ein ausgezeichneter Mathematiker. Er wurde ‚ohne
209 1077 1154 1116 den Segen der Kirche’ beſtattet. ‚Dem Verſtorbenen war es zu
203 1110 1163 1153 gönnen,’ meint der ‚Beobachter’, ‚daß er noch im Tode eine
204 1147 1164 1186 neue Bahn des Fortſchritts eröffnete’. — Am 25. April ſtarb
216 1183 1161 1224 in Berlin der Profeſſor St ats⸗ und Cameralwiſſ. Dr. Ernſt
216 1219 1167 1257 Helwing, am 24. Mai ebendaſ. der Prof. der Medicin Dr.
209 1254 1163 1291 Traube, am 29. Mai in Tübingen der Prof. der proteſt.
210 1291 1161 1329 Theologie Dr. Palmer. — Die kirchlichgeſinnte Preſſe Frank⸗
222 1324 1158 1366 reichs betrauert in dem am 2. oder 3. Juni im Alter von 40
218 1359 1163 1404 Jahren verſtorbenen Armand Ravelet einen ihrer ausge⸗
222 1395 1166 1438 zeichnetſten Vertreter, die Kirche einen ihrer begeiſtertſten Söhne.
213 1431 1157 1474 R. war Advocat am Pariſer Appellhofe. Durch ſeine Kenntniſſe
216 1467 1163 1510 und ſeine glänzenden Talente für einen hohen Poſten in der
210 1503 1163 1546 Verwaltung befähigt, zog er aus Liebe zur katholiſchen Sache
216 1539 1163 1582 das mühſame und undankbare Amt eines Journaliſten vor.
219 1575 1176 1620 1865 trat er in die Redaction des Monde ein und übernahm
213 1611 1167 1654 vor wenigen Jahren die oberſte Leitung. Er hat an der treff⸗
209 1650 1163 1692 lichen und insbesondere auch maßvollen Haltung des Blattes
210 1686 1169 1728 weſentlichen Antheil; er hat ſich bei ſchwachem, brechlichem Körper für
231 1719 1163 1762 ſeine Lebensaufgabe geopfert. In einem Nachrufe, den ihm ſein
230 1753 1176 1795 Freund Léon Gautier widmet, heißt es: ‚Sans qu’il osât s’en douter,
210 1788 1173 1831 il était depuis longtomps un excellent journaliste. II possé-
216 1825 1170 1867 dait, sans le savoir, les qualités les plus exquises et les plus
216 1860 1173 1903 rares entre toutes celles qui sont nécessaires pour cette très-
225 1896 1172 1939 noble et très-nécessaire fonction. II avait la finesse et la pé-
224 1933 1175 1974 nétration; il avait la facilité; il avait la fécondité. Certes,
210 1971 1169 2011 il m’a été donné de voir et d’étudier de près un grand nombre
225 2007 1182 2047 de belles et fécondes intelligences; mais je n’en ai jamais vu
221 2043 1178 2082 où les idées abondassent et surabondassent à ce point. II en
222 2079 1175 2119 avait vingt on trente à la minute. Elles lui montaient au
219 2115 1175 2155 cerveau comme un flot magnifique dont il faillait seulement
221 2151 1184 2191 régler l’impétuosité admirable. Lui soumettait-on une question
230 2188 1179 2230 politique on réligieuse, soudain, ses yeux étincelaient douce-
219 2223 1182 2266 ment. D’un premier coup-d’œil il apercevait tous les côtés du
221 2260 1181 2304 problème; il en découvrait tous les corollaires; il en prévoyait
1212 238 2168 276 tous les développements. Une idée incomplète et à peine ébau-
1223 274 2169 312 chée, qu’on lui soumettait par hasard, devenait sur-le-champ,
1217 310 2180 348 dans son esprit, la source de cent autres idées qui étaient
1218 345 2177 382 complètes et claires. Au point de vue administratif, il n’était
1235 381 2177 420 pas doué moins richement qu’au point de vue littéraire ou
1223 417 2171 456 philosophique, et l’on peut dire qu’il y avait en Iui l’étoffe
1217 453 2177 492 ample d’un homme d’Etat. Durant les dernières années de sa
1220 489 2171 528 vie, nous l’avons vu, avec une admiration douloureuse, faire
1217 525 2178 564 au Monde l’office d’administrateur et celui de rédacteur en
1226 561 2174 600 chef. Ses pauvres frêles épaules courbaient maériellement
1227 598 2178 634 sous ce double poids; mais l’âme forte et radieuse prenait le
1224 633 2169 670 dessus et planait, et il souriait en se sacrifiant. Nous vou-
1236 669 2181 706 lions l’arrêter, et ce bon sourire avait toujours l’air de nous
1224 705 2183 744 dire: „Vous voyez que ce n’est rien, et que je ne me fatigue
1241 741 2178 778 pas.” Helas!’ Ravelet iſt auch Verfaſſer mehrerer Schriften: Traité
1227 777 2172 814 des Congrégations réligieuses, Code des lois civiles ecclésia-
1232 813 2181 852 stiques, und der Histoire du Vénérable. J. B. de la Salle
1239 850 2177 886 (Stifters der Congregation der chriſtl. Schulbrüder), welche ſein
1227 885 2177 925 Hauptwerk bleiben wird Am 4. Juni ſtarb in Stuttgart
1226 922 2180 958 Eduard Mörike, geb. 1804 in Ludwigsburg, eine Zeit lang
1229 958 2183 994 Pfarrer bei Weinsberg, ſpäter Gymnaſiallehrer In Stuttgart,
1227 994 2181 1030 ein Dichter von großer Vielſeitigkeit, der am größten vielleicht
1230 1029 2180 1066 da iſt, wo er das Detail der Empfindung, der Natur und des
1241 1065 2189 1102 ſchwäbiſchen Volkslebens malt. Seine Hauptwerke: Gedichte (1838
1241 1102 2181 1138 zuerſt erſch.), Maler Nolten (Roman, 1832), Idylle am Bodenſee
1241 1137 2178 1174 1846), Stuttgarter Hutzelmännlein (1863), Mozart auf der Reiſe
1230 1173 2178 1210 nach Prag (Novelle, 1856). — Am 6. Juni ſtarb in Paris Graf
1241 1209 2172 1246 Charles de Rémuſat, Mitglied der Academie, unter Thiers’
1232 1245 2187 1284 Präſidentſchaft Miniſter des Aeußern, als Schriftſteller durch
1235 1281 2187 1320 philoſophiſche und literariſche Arbeiten von großer Formvollen⸗
1238 1323 1425 1357 dung bekannt.
1472 1479 1953 1512 Redactions⸗Mittheilungen.
1353 1533 2187 1567 Χρ. in K. Ihr Artikel findet in Nr. 7 Aufnahme. Herz⸗
1238 1569 2183 1605 lichen Dank. — Herrn G . . . I in St. P. Besten Dank. Ant⸗
1235 1611 1521 1645 wort nächſter Tage.
1349 1642 2196 1680 In Nr. 4 der ‚Rundſchau’ S. 64 Sp. 2 heißt es: ‚Leit⸗
1242 1677 2195 1717 ner veröffentlichte die Schrift ‚Ein Wort über den Gegenſtand
1236 1713 2195 1750 der Andacht zum h. Herzen Jeſu’, die veranlaßt wurde durch
1242 1749 2198 1786 P. Jungmann’s „Fünf Fragen über die Andacht zum göttlichen
1245 1785 2189 1821 Herzen Jeſu”. Er bekämpft darin die von dem Letzteren
1248 1822 2193 1855 vertretene Anſicht, das Object dieſer Andacht ſei
1244 1857 2195 1891 nur die Liebe Jeſu Chriſti, das Herz ſei nur deren
1253 1893 2195 1926 Symbol.’ Herr Prof. Jungmann S. J. in Innsbruck erſucht
1244 1929 2201 1963 uns um Aufnahme der Erklärung, er habe in ſeiner Schrift
1259 1963 2195 2001 ‚Fünf Sätze zur Erklärung und wiſſenſch. Begründung der An⸗
1250 1999 2195 2037 dacht zum heiligsten Herzen Jeſu und zum reinſten Herzen Ma⸗
1254 2037 2201 2074 riä’ (ſo laute der Titel) den Satz vertreten: ‚Die Andacht zum
1250 2071 2201 2109 heiligſten Herzen Jeſu richtet ſich weſentlich auf ein
1266 2107 2208 2145 zweifaches Object. Den erſten und hauptſächlichen Gegen⸗
1262 2142 2213 2181 ſtand derſelben bildet das „Herz”Jeſu im tropiſchen Sinne des
1251 2181 2207 2217 Wortes; ihr zweiter und untergeordneter Gegenſtand aber iſt
1242 2220 2202 2253 das natürliche Symbol des erſteren, das leibliche Herz
1242 2259 1500 2290 des Erlöſers.’
1094 2485 1189 2520 Büchertiſch.
384 2577 1028 2619 Encyclopädieen und Sammelwerke.
224 2622 1188 2665 Bibliothek, internat. wissensch. 11. Band (Die Zurechnungs-
297 2659 1178 2700 fähigkeit der Geisteskranken von H. Maudsley.) 8. Leip-
305 2692 1173 2737 zig. Brockhaus. 5 M. geb. 6. —
230 2730 1175 2772 Dictionnaire Biographique et Bibliographique des hommes
299 2767 1181 2808 les plus remarquables dans les lettres, les sciences et les
299 2803 1185 2842 arts chez tous les peuples à toutes les époques par AI-
305 2838 1189 2878 fred Dantès. Paris. Boyer et Co. Erscheint in 32
306 2874 1185 2917 Lfgn. à —. 80
227 2911 1187 2950 Dictionnaire de la langue française abrégé du dictionnaire
302 2944 1184 2986 de E. Littré de l’ac. franç. Par A. Beaujean. fasc. 1—3
1068 2982 1189 3015 à —. 50
230 3019 1189 3063 Weech, F. v., badiſche Biographieen. 8. Lfg. gr. 8. Heidelberg.
299 3054 1185 3099 Baſſermann. 1. 80
1189 3093 1190 3123 Wurzbach, C., v., biograph. Lexicon des Kaiſerth. Oeſterreich.
309 3127 1145 3177 29. Thl. gr. 8. Wien. Hof- u. Staatsdruckerei. 6. —
1539 2572 1932 2608 Katholiſche Theologie.
1260 2617 2208 2656 Brucker, J., die Lehre des h. Franz v. Sales von der wahren
1329 2649 2219 2692 Frömmigkeit. 8. Freiburg. Herder. 2. 25
1256 2685 2207 2727 Hettwer, J., de fidei et scientiae discrimine et consortis iuxta
1320 2722 2207 2763 mentem Hugonis a S. Victore. gr. 8. Breslau. Aderholz.
2127 2757 2214 2791 —. 80
1256 2794 2214 2836 Laurin, F., Schulte’s Kirchenrechtswissenschaft. Einst und
1325 2832 2213 2872 Jetzt. 2. Aufl. gr. 8. Wien. Hölder. 1. 20
1253 2866 2211 2908 Mühlbauer, W., Thesaurus resolutionum s. c. Concilii quae
1326 2904 2223 2944 consentanee ad Tridentinorum pp. decreta aliasque cano-
1329 2940 2220 2982 nici iuris sanctiones prodierunt usque ad a. 1874. Tom. II.
1334 2976 2201 3018 Fasc. 10. gr. 4. München. Stahl. 3. —
1257 3013 2222 3054 Schegg, P., ſechs Bücher des Lebens Jeſu. 2. Bd. 8. Freiburg.
1335 3052 2213 3091 Herder. 4. 40.
