2387 3353
1130 46 1188 197 137
291 231 1131 280 — Die von Prof. Dr. Theodor Wiedemann herausge⸗
179 267 1122 322 gebene ‚Oeſterreichiſche Vierteljahrsſchriftfür katho⸗
174 303 1128 358 liſche Theologie’ hat nach vierzehnjährigem Beſtehen zu
189 337 1134 393 erſcheinen aufgehört. Die Verbreitung derſelben in Deutſchland
201 376 1131 429 genügte nicht, ihr die materiellen Bedingungen der Exiſtenz zu
183 433 267 463 bieten.
338 447 1130 493 — Asher’s Collection of british authors iſt von
191 483 1131 532 der Verlagshandlung Albert Cohn auf die neugegründete Firma
183 517 1128 571 Julius Engelmann in Berlin übergegangen. Erſchienen ſind
186 555 1131 604 bisher 99 Bände. Vom 100. Bande ab, welcher nebſt anderen
189 591 1131 642 unter der Preſſe iſt, wird die Sammlung in Claſſikerformat er⸗
195 625 1128 678 ſcheinen. Ob das ins Stocken gerathene Unternehmen die Con⸗
183 663 1139 714 currenz mit der Tauchnitzer Sammlung beſtehen können wird,
186 709 570 751 erſcheint doch ſehr fraglich.
351 733 1134 781 — Der gefeierte engliſche Dichter Alfred Tennyſon
191 769 1146 822 hat mit ſeiner ſo eben erſchienenen ‚Queen Mary’ zum erſten
189 804 1133 856 Male das dramatiſche Gebiet betreten. — Georg Smith iſt
198 840 1148 892 mit der Ausarbeitung einer Geſchichte Babyloniens für
192 877 1146 928 die Geſellſchaft zur Ausbreitung chriſtlicher Kenntniß beſchäftigt.
189 912 1143 960 — Die Correſpondenz John Stuart Mill’s wird als
195 949 1134 997 demnächſt erſcheinend angekündigt. — General Sherman ver⸗
191 985 1140 1032 öffentlicht ſo eben 2 Bände ‚Memoirs written hy himself’, und
198 1021 1146 1069 Victor Hugo läßt unter dem Titel, Actes et Paroles’ ſeine
192 1068 588 1105 Denkwürdigkeiten erscheinen.
359 1095 1146 1138 — (Perſonalnotizen.) Von der Berliner Akademie
195 1131 1152 1177 der Wiſſenſchaften wurden Al. Cunningham in London und
201 1167 1151 1215 Ludw. Stephani in S. Petersburg zu correſp. Mitgliedern
195 1210 636 1251 der hiſt.⸗philoſ. Klaſſe erwählt.
315 1240 1149 1282 — Die philoſ. Facultät der Univ. Halle hat dem Pfarrer
195 1276 1155 1323 Scartazzini in Walzenhauſen (Canton Appenzell), früherem
207 1311 1149 1359 Prof. in Chur, in Anerkennung ſeiner wiſſenſchaftlichen und lite⸗
204 1347 1154 1393 rariſchen Verdienſte, namentlich um Dante, zum Dr. philos.
191 1395 492 1429 honoris causa creirt.
360 1419 1151 1462 — Das von Max Duncker niedergelegte Directorium der
195 1455 1154 1501 Berliner Staatsarchive iſt dem bisherigen Profeſſor in Bonn
207 1491 1148 1537 Dr. Heinrich von Sybel übertragen, und ſoll demſelben
204 1524 1151 1573 Oberlehrer Dr. Max Lehmann in Berlin, Verfaſſer kleinerer
195 1558 1155 1606 hiſtor. Arbeiten, namentlich in den Preuß. Jahrbüchern, als
200 1590 1151 1641 Adlatus beigegeben werden. Nach der Köln. Zeitung wäre an⸗
207 1626 1145 1675 zunehmen, daß Sybel an der Berliner Univerſität Vorleſungen
204 1674 374 1711 halten werde.
302 1695 1148 1744 — Prof. Dr. Karl Gareis, welcher vor zwei Jahren
204 1732 1158 1783 von Würzburg nach Bern berufen wurde, wird einem Rufe als
207 1770 1158 1819 Prof. des deutſchen Privat⸗, Handels⸗ und Wechſelrechts nach
201 1806 1145 1857 Gießen Folge leiſten. Auf den neuerrichteten Lehrſtuhl für
216 1842 1151 1894 franzöſ. und engl. Sprache an der Universität in München wurde
213 1878 1145 1932 Prof. Dr. Breymann, dermalen an der Univ. in Mancheſter,
204 1915 1161 1968 berufen. Die durch Fricker’s Berufung nach Leipzig erledigte
201 1950 1161 2004 Profeſſur für Staats⸗ und Völkerrecht an der Univ. Tübingen
213 1984 1152 2040 iſt dem Prof. Dr. v. Martitz in Freiburg übertragen. Prof.
204 2019 1161 2074 Dr. Heinrich Weber am Polytechnikum in Zürich iſt an
210 2055 1158 2110 Stelle ſeines Lehrers Richelot zum Prof. der Mathematik in
201 2091 1155 2148 Königsberg ernannt. Die zweite Profeſſur des röm Rechts an
210 2127 1152 2182 der Univ. Roſtock wird ſtatt des nach Breslau berufenen Prof.
201 2164 1161 2217 Schwanert Dr. Kretſchmar, Privatdoc. u. Advocat in Leipzig,
213 2197 1164 2256 übernehmen. Die Verſetzung der deutſchen Profeſſoren der Univ.
213 2232 1155 2292 Lemberg an die neugegründete Hochſchule in Czernowitz in der
213 2268 1164 2326 Bukowina ſoll gleichzeitig mit der Ernennung der übrigen für
210 2304 1157 2362 Czernowitz auserſehenen Profeſſoren (darunter Prof. Dr. Bering
207 2338 1152 2397 in Heidelberg) publicirt werden. Dr. Franz Witt, Pfarrer
207 2373 1158 2434 in Schatzhofen, der Herausgeber der trefflichen ‚Fliegenden
213 2409 1161 2469 Blätter für Kirchenmuſik’ und der ‚Musica sacra’, iſt zum Prof.
207 2443 1047 2505 an die ungariſche Landes⸗Muſikakademie in Peſt berufen.
387 2478 1169 2536 — Zu ord. Prof. wurden ernannt die a. o. Profeſſoren
213 2514 1161 2577 Dr. Adolf Claus in Freiburg (Chemie und Technologie) und
210 2550 1155 2613 Dr. Wilh. Marmé in Göttingen (Medizin); zu a. o. Pro⸗
1209 210 2153 259 feſſoren die Frivatdocenten Dr. Gid. Spicker in Freiburg
1221 249 2156 294 (Philoſ.), Heinr. Auſpitz, Mor. Kapoſi, Jſ. Neumann,
1212 282 2156 333 Joſ. Novák, Friedr. Salzer, Leop. Ritter Schrötter
1212 318 2153 367 v. Kriſtelli, Karl Störck, K. Toldt in Wien (ſämmtlich
1215 358 2154 402 Mediziner). Es habilitirten ſich: in Innsbruck Dr. Jul. Jung
1215 391 2154 439 für allg. Geſch. und Dr. Jul. Platter für Statiſtik, in Er⸗
1209 427 2154 475 langen Dr. Franz Penſoldt für Medizin, in Berlin Dr.
1215 463 2160 510 Georg Treu für Archäologie, in Würzburg Dr. Ernst Ziegler
1227 510 1388 547 für Medigin.
1368 534 2160 579 — Der Prof. der Pathologie Dr. Karl Frhr. v. Roki⸗
1212 573 2160 618 tansky in Wien trat in den bleibenden Ruheſtand; an ſeine
1215 607 1997 652 Stelle tritt der Grazer Prof. Dr. Richard Heſchl.
1377 642 2168 685 — Am 14. Mai verſchied in Wien der Canonicus an
1221 678 2154 723 S. Stephan, früher Prof. der Dogmatik (in Graz und Wien)
1212 711 2160 762 Dr. Joſeph Toſi. — Am 29. Mai wurde der Director des
1224 747 2163 796 Hanauer Gymnaſiums Dr. Karl Wilh. Piderit zu Grabe
1221 783 2160 832 getragen. Der Verſtorbene, als Philolog und Pädagog hoch⸗
1224 819 2163 868 ſtehend, hat der genannten Anſtalt fast 22 Jahre vorgeſtanden.
1224 853 2166 903 Seine ausgezeichneten Schulausgaben der rhetorischen Schriften
1215 889 2166 939 Cicero’s, von denen die Bücher de oratore bereits 4 Auflagen
1214 925 2169 975 erlebten, werden ſeinen Namen noch lange erhalten. Als Mann
1221 961 2163 1011 von Charakter und ſtreng orthodoxer Richtung ſtand er zu vielen
1233 997 2160 1048 ſog. ‚Forderungen der Neuzeit’ in Widerſpruch. Es ſei noch
1233 1033 2166 1084 erwähnt, daß Piderit auch den literariſchen Nachlaß Vilmar’s
1227 1068 2169 1120 zum Theil veröffentlicht hat. — Am 14. Juni ſtarb in Kopen⸗
1230 1107 2172 1156 hagen Dr. Ludwig d' Arreſt, Prof. der Aſtronomie an der
1227 1140 2178 1192 dortigen Univerſität und Vorſteher des aſtronomischen Obſerva⸗
1230 1179 2171 1228 toriums, geb. am 13. Aug. 1822 in Berlin, ein Schüler Enke’s.
1220 1215 2168 1263 Seine Schriften werden zu den bedeutendſten Leiſtungen gezählt,
1227 1251 2180 1300 welche die aſtronomiſche Wiſſenſchaft unſerer Zeit aufzuweiſen
1238 1287 2174 1335 hat. Er hat 4 Aſteroiden und den Kometen Freija entdeckt.
1221 1323 2168 1372 Seine Hauptſtudien galten den Nebelflecken, und ſeine ſpectral⸗
1227 1359 2171 1408 analytiſchen Unterſuchungen derſelben haben die größte Anerken⸗
1224 1393 2181 1444 nung gefunden. — Am 20. Juni ſtarb auf ſeinem Familien⸗
1235 1431 2174 1480 gute Kurowo der ruſſiſche Generalmajor Peter von Uslar,
1221 1462 2187 1516 durch ſeine Schriften über die kaukaſischen Dialekte bekannt. —
1227 1500 2174 1549 Vor wenigen Tagen meldeten die Zeitungen das Ableben des
1224 1534 2181 1584 Dr. W. Corſſen, welcher viele Jahre als Prof. in Schulpforta
1238 1569 2171 1617 gewirkt und ſich durch bedeutende Leiſtungen auf dem Gebiete
1230 1602 2175 1651 der latein. Formenlehre und der altitaliſchen Dialekte bekannt ge⸗
1224 1635 2180 1683 macht hat. Seine Hauptwerke: Ueber Ausſprache, Vocalismus und
1227 1671 2177 1720 Betonung in der lat. Sprache, 1858 u. 59, 2. Aufl. 1868 u. 70.
1227 1708 2172 1759 Kritiſche Beiträge zur lat. Formenlehre, 1863. Kritiſche Nach⸗
1227 1744 2178 1795 träge zur lat. Formenlehre, 1866. Ueber die Sprache der
1232 1782 2174 1830 Etrusker 1. Bd. (XXXVI, 1016 S.), 1874. Alterthümer und
1230 1818 2192 1867 Kunſtdenkmäler des Ciſtercienſerkloſters S. Marien und der
1235 1866 1568 1903 Landesſchule zu Pforta.
1338 1890 2180 1935 — Am 4. Mai verſchied in Nevele bei Gent die bekannte
1230 1927 2181 1972 vlämiſche Dichterin und Novelliſtin Roſalie Loveling. Sie
1233 1960 2187 2010 trat nur gemeinſam mit ihrer Schweſter Virginie auf, und
1227 1996 2193 2046 Kenner verſichern, daß es kein Leichtes ſei, die dichteriſchen
1239 2028 2180 2079 Schöpfungen der ‚Lovelings’- am Charakter zu unterſcheiden. —
1233 2067 2187 2113 In Wien ſtarb kürzlich hochbetagt der Piariſten⸗Ordensprieſter
1236 2101 2178 2151 Joſeph Miſſon. Sein in tadelloſen Hexametern geſchriebe⸗
1236 2137 2181 2184 nes Büchlein vom ‚Naz, der in d’ Fremd geht’, voll köſtlichen
1233 2175 1896 2221 Humors, iſt im Buchhandel längſt vergriffen.
1479 2298 1934 2344 Druckverſehen in Nr. 6.
1350 2343 2193 2391 S. 103 Spalte 2 Z. 10 iſt zu leſen: ‚hat nicht mehr die
1233 2379 2181 2433 Kraft, die quantitative Breite .. . . . zu tragen.’ S. 104 Sp. 1
1241 2415 2187 2470 Z. 15: ‚unter dem Engel’ ſtatt ‚unter den Menſchen’. Ebendaſ.
1247 2451 2190 2505 Z. 25: ‚wir’ ſtatt ‚wie’. S. 106 Sp. 1 Z. 22: ‚als ſolches’
1242 2487 2199 2539 ſtatt ‚ſolches’. Ebendaſ. Sp. 2 Z. 3 v. u.: ‚involvire’ ſtatt
1239 2523 2121 2575 ‚involviren’. S. 114 Sp. 1 Z. 5 v. u.: ‚451’ ſtatt ‚436’.
1067 2643 1352 2710 Büchertiſsch.
366 2752 1002 2817 Encyclopädieen und Sammelwerke.
216 2794 1170 2869 Bibliothek, internat. wissensch. 13. Band: Die fünf Sinne
288 2830 1161 2905 des Menschen von J. Bernstein. 8. Leipzig. Brockhaus.
1095 2862 1178 2898 2. —
213 2901 1167 2976 Encyclopädie, allg., der Wiſſenſchaften und Künſte, bearb. und
297 2935 1167 3013 hrsg. v. J. S. Erſch und J. G. Gruber. 1. Section.
299 2971 1164 3048 94. Thl. gr. 4. Leipz. Brockhaus. cart. 11. 50 M. Velinp.
1080 3003 1178 3033 15. —
219 3042 1170 3120 Geiger’s, Abr., nachgelass. Schriften. Hrsg. v. L. Geiger.
300 3074 1193 3157 1. Bd. gr. 8. Berlin. Gerschel. pro 5 Bde. cplt. 35. —
1248 2722 2196 2772 Rauſcher, J. O. v., Hirtenbriefe, Reden, Zuſchriften. Neue
1332 2755 2209 2802 Folge. 1. Bd. gr. 8. Wien. Braumüller. 8. —
1242 2794 2196 2842 Steub, L., kleinere Schriften. 4. Bd. Altbayeriſche Miscellen.
1313 2826 2214 2871 8. Stuttg. Cotta. 5. —
1248 2863 2187 2914 Weech, F. v., badiſche Biographieen. 4. u. 5. Lfg. gr. 8. Hei⸗
1317 2899 2226 2944 delberg. Baſſermann. à 1. 80 M. pro 1. Bd. cplt. 9. —
1520 2949 1922 2982 Katholiſche Theologie.
1245 2986 2193 3037 Bach, J., die Dogmengeschichte des Mittelalters vom christo-
1313 3021 2205 3067 logischen Standpunkte. 2. Thl. gr. 8. Wien. Braumüller.
2115 3049 2223 3091 15. —
