2387 3365
253 68 2093 316 Literariſche Rundſchau.
182 381 581 414 Erſcheint am 15. eines jeden Mo⸗
176 417 599 454 nats. Der Abonnementspreis beträgt
257 451 512 487 3 Mark p. Semeſter.
914 373 1413 416 Redigirt von Joſeph Köhler.
849 427 1488 467 Verlag von Rudolf Barth in Aachen.
989 482 1346 526 Erſter Jahrgang.
1742 388 2145 424 Inſerate werden mit 30 Pfennigen
1731 423 2153 460 für die 2ſpaltige Petitzeile oder deren
1856 462 2034 495 Raum berechnet.
179 575 2157 623 Nr. 5. Ausgegeben am 15. Mai. 1875.
171 661 2156 705 Inhalt: Ueberſichten und allgemeine Charakteriſtiken: Friedrich Spielhagen und der ſociale Roman. — Recenſionen und
284 702 2154 741 Referate: Allgemeine deutſche Biographie. Danko, Divum Hieronymum oppido Stridonis natum esse propugnat.
272 736 2157 774 Delitzſch, Hohes Lied und Koheleth. Keil, Commentar über die Bücher der Makkabäer. Stein, Sieben Bücher zur Geſchichte
281 772 2145 813 des Platonismus. Band III. Prutz, Kaiſer Heinrich I. Bernhard Ritter von Meyer’s Erlebniſſe. — Nachrichten. —
272 808 437 841 Büchertiſch.
590 885 1738 974 Ueberſichten und allgemeine Charakteriſtiken.
219 1016 1076 1058 Friedrich Spielhagen und der ſociale Roman.
284 1070 1116 1114 Die Bellettriſtik iſt anerkanntermaßen mit Erfolg
167 1113 1121 1158 die Pionierin der modernen Ideen geweſen, ſie hat die
179 1160 1127 1201 Aufgabe, die groben Gedanken, die in ihrer ungeſchliffenen
165 1202 1124 1245 Form nur unter wenigen Eingeweihten circuliren, zu po⸗
167 1248 1115 1290 liren und unter die weiteſten Schichten des Volkes zu ver⸗
170 1292 1133 1336 breiten. Sie hat dieſen tendenziöſen Zweck wahrlich zu
167 1335 1133 1381 nicht geringem Schaden der chriſtlichen Weltanſchauung zu
173 1382 1115 1422 verwirklichen gewußt; die moderne Bellettriſtik — im Ge⸗
170 1429 1124 1468 genſatz zur chriſtlichen — hat mit vereinten Kräften, und
179 1471 1128 1510 ſo buntſcheckig durch einander gewürfelt ſie auch auf den
170 1513 1121 1554 erſten Blick erſcheinen mag, mit inſtinctiv einheitlichem
183 1557 1130 1594 Feldzugsplan nach diesem Ziele hin gerungen; wie ein
167 1599 1122 1636 alter Routinier verfügt ſie über eine Fülle von Erfahrun⸗
180 1644 1127 1681 gen, die ihr den Erfolg ſichern, und es gibt kein Feld des
179 1686 1119 1728 menſchlichen Wiſſens, das ſie nicht zu einem künſtlichen
167 1732 1124 1775 Treibbeete ihrer exotiſchen Phantaſiegewächſe umgeſchaffen
171 1777 1130 1820 und dadurch ihren Zwecken dienſtbar gemacht hätte. Es
167 1823 1127 1864 erinnert mich ſtets an die wunderſame Melodei des alten
182 1868 1127 1909 Volksliedes vom ‚Rattenfänger von Hameln’, und wenn
167 1914 1121 1956 ich durch unſern deutſchen Dichterwald wandle, dann rauſcht
177 1958 728 1993 es durch alle Blätter und Zweige:
371 2007 914 2047 Wer iſt der bunte Mann im Bilde?
372 2043 870 2082 Er führet Böſes wohl im Schilde,
369 2079 857 2116 Er pfeift ſo wild und ſo bedacht;
363 2115 957 2154 Ich hätte mein Kind ihm nicht gebracht.
278 2163 1121 2203 Ja es iſt, der Wundermann mit bunten Kleidern an⸗
179 2210 1118 2248 gethan,‛ pfeifend durchzieht er die Straßen, und alle die
173 2255 1127 2295 hübſchen Kinderfrätzchen ziehen ihm nach hinab in das tiefe,
170 2300 1127 2338 tiefe Waſſer, und übers Jahr ſpielt der Wind und die Libelle
176 2346 1118 2383 mit dem aus der Tiefe emporgewachſenen Pflanzenwuchſe,
176 2388 1124 2427 der von ferne einer ſchlammigen Maſſe gleicht, aber unter
176 2433 1115 2472 der Lupe einen facettirenden Reichthum vegetabiliſcher Bil⸗
179 2477 1127 2515 dungen entfaltet. Der chriſtliche Aeſthetiker und Literar⸗
176 2522 1121 2560 hiſtoriker muß mit dieſen Factoren rechnen und ſie zur
185 2567 1127 2604 Befruchtung der formellen Ausbildung der chriſtlichen Dich⸗
182 2610 1127 2650 tung zu verwerthen ſuchen. Wie die Häreſie die wenngleich
173 2655 1121 2695 bedauernswerthe Urſache der formellen Ausbildung der
171 2699 1130 2739 chriſtlichen Erkenntniß geweſen, und wir uns ohne die
176 2744 1124 2784 Gnoſtiker nicht des Beſitzes eines Irenäus rühmen könnten,
177 2790 1134 2829 ſo ſoll uns auch das Daſein einer antichriſtlichen, bis zum
185 2835 1127 2871 Raffinement ausgebildeten Dichtung wenigſtens ſtreng
176 2879 1124 2916 machen in den Anforderungen, die wir an unſere eigene
183 2927 272 2961 ſtellen.
303 2968 1124 3008 Ein Characteriſticum unſerer Zeit iſt die raſtloſe
188 3011 1115 3053 Energie, mit welcher der Einzelne ſich die fortſchreitenden
180 3058 1118 3101 Reſultate der Cultur zu eigen macht. In zahlloſen Zeit⸗
1205 1017 2141 1051 ſchriften orientirt man ſich über die neueſten Entdeckungen
1193 1061 2151 1096 auf dem Gebiete der Praxis und über die jüngſten For⸗
1211 1107 2150 1141 ſchungen auf dem Felde der Theorie, zwiſchen den Schul⸗
1206 1151 2139 1188 heften des Tertianers findet man den allerneueſten Roman,
1196 1196 2147 1233 wie im Nähkörbchen der Penſionsſchülerin maroquingebun⸗
1190 1239 2153 1276 dene Gedichtſammlungen, die vom letzten Leipziger Bücher⸗
1199 1286 2154 1323 markt herrühren, und der geringſte Kannegießer im letzten
1196 1329 2141 1366 Dörfchen unſeres Vaterlandes iſt über die Staatsactionen
1194 1373 2144 1411 der Gegenwart ſo genau unterrichtet, als ob er ſelbst ihre
1196 1419 2141 1456 bewegenden Fäden in ſeiner Hand vereinigte. Uns, die wir
1206 1464 2141 1501 darum im eigentlichen Sinne ‚Kinder unſer Zeit’ sind, kann
1202 1507 2138 1546 deshalb nichts mehr chokiren, als wenn uns ein Unterhal⸗
1196 1549 2144 1587 tungs⸗ und Bildungsſtoff geboten wird, der um einige De⸗
1202 1591 2150 1630 cennien zu ſpät das Licht der Welt erblickt hat. Der ſociale
1196 1635 2154 1677 Roman Spielhagens, der uns in dieſen Spalten beſchäftigt,
1196 1679 2154 1723 gibt zu einer ſolchen Klage keinen Anlaß. Die neueſten
1199 1724 2150 1768 Modulationen geſellſchaftlichen Lebens und ſocialiſtiſcher
1202 1772 2145 1812 Forſchung im Romanbilde wiederſpiegelnd, hat er in der
1199 1817 2153 1858 früheren Bellettriſtik keinen nachweisbaren Vorgänger.
1199 1863 2139 1900 Der ältere ſociale Roman erfaßte ſeinen Gegenſtand in⸗
1202 1906 2150 1945 ſtinctiver, ein innerer Trieb war es, der die einzelnen
1202 1950 2144 1989 Dichter bewog, die Grundlage ihrer Schöpfungen vorwie⸗
1191 1998 2141 2035 gend einer beſtimmten geſelſchaftlichen Kaſte zu entnehmen.
1193 2040 2136 2079 Anders bei Spielhagen. Er dichtet im Dienſte eines ſcharf
1199 2084 2144 2122 pointirten Gedankens, mit einem fertigen ſocial⸗politiſchen
1199 2128 2138 2164 Syſtem tritt er die poetiſche Arbeit an. Während der ober⸗
1193 2172 2135 2206 flächliche Leſer ſich an den äußeren Geſtalten und an der
1196 2217 2138 2248 Mache des Romans erfreut, intereſſirt es den tieferblicken⸗
1190 2259 2141 2295 den, unter der Ornamentik den ſtrengen Grundriß und die
1199 2301 2151 2340 leitenden Grundformen der ſocial⸗politiſchen Schule zu
1206 2346 2138 2385 ſtudieren. Dichteriſche Schöpfungen, in denen ſociale Prin⸗
1196 2390 2138 2431 cipien in beſtechender Form verwerthet ſind, können aber
1200 2436 2132 2478 von dem chriſtlichen Denker nicht unbeachtet gelaſſen werden,
1191 2480 2147 2523 und ſo will ich es verſuchen, in Folgendem das Bild eines
1196 2525 2141 2566 unſerer augenblicklich einflußreichſten Romanſchriftſteller
1196 2570 2141 2611 kurz zu ſkizziren. Es wird nöthig ſein, zuerſt eine Analyſe
1205 2616 2147 2656 ſeiner einzelnen Romane zu geben, um nachher zu einem
1197 2659 1895 2695 überſichtlichen Geſammtreſultat zu gelangen
1308 2703 2145 2743 Friedrich Spielhagen, der 1829 in Magdeburg ge⸗
1202 2749 2144 2790 borene Sohn eines preußiſchen Regierungsrathes, ſollte
1209 2793 2145 2832 zuerſt in die juriſtiſche Carriere eintreten, ging aber, nach⸗
1196 2839 2138 2878 dem er die Jurisprudenz an den Nagel gehängt und einige
1200 2881 2148 2920 Zeit als Gymnaſiallehrer vegetirt hatte, zur Feuilletoniſtik
1199 2927 2135 2965 über, aus der er ſich bald als ſebſtändig ſchaffender Roman⸗
1206 2970 2151 3009 dichter herauszuarbeiten verſtand. Spielhagen lenkte, nach⸗
1205 3015 2135 3052 dem er ſeit 1857 in den beiden Novellen ‚Clara Vere’,
1196 3059 2148 3100 ‚Auf der Düne’, ſowie durch die Ueberſetzung von
