2387 3353
1143 91 1212 242 127
189 277 1130 316 Kranz der Braut. ‚Das bedeutet Glück’ rufen die Bauern,
185 324 1140 360 und das Brautpaar flüſtert ſich zu: ‚Das war die Regen⸗
201 367 1130 406 trude.’— Köſtlich iſt das Märlein vom ‚Hinzelmeier’,
189 412 1140 451 welches der Dichter ſelbſt ‚eine nachdenkliche Geſchichte’ be⸗
186 454 1136 496 namſet. Der Held der Geſchichte entſtammt einem von der
195 498 1137 537 Vorſehung, bevorzugten Geſchlechte So oft der
192 549 1131 585 Gens Hinzelmeierana ein neuer Sproß geſchenkt ward,
206 592 1137 630 ſprang im ‚Roſengarten’ eine Roſenknoſpe, der als Hüterin
188 637 1140 675 eine ſchöne Jungfrau beſtellt ward, welche ſie ſo lange be⸗
194 681 1140 718 wachte, bis beide von dem herangereiften Sprößling geholt
198 726 1137 765 wurden. Die Roſe aber hatte die Eigenſchaft, ihren Eigen⸗
189 771 1140 808 thümer zeitlebens jung und ſchön zu erhalten; die Schwie⸗
192 817 1140 853 rigkeit lag nur darin, die Roſenjungfrau zu finden. Unſer
186 862 1137 897 Hinzelmeier nun hatte bei einem weiſen Meiſter in der
192 907 1134 943 Lehre geſtanden, und beſchloß auf die Wanderung zu gehen,
189 952 1143 988 um den Stein der Weiſen zu ſuchen, jedoch dabei das Ziel
191 999 1149 1032 aller Hinzelmeier, die Roſenjungfrau zu finden, nicht zu
183 1042 1131 1075 vergeſſen. Sein Lehrmeiſter gab ihm den Raben Krahirius
185 1087 1146 1122 mit, der über ihm fliegend ihn auf allen Wegen begleitete.
186 1134 1146 1167 Darin aber beſtand Hinzelmeiers Mißgeſchick; denn ſo oft
183 1179 1137 1210 er die Roſenjungfrau erblickte, ließ Krahirius eine Brille
186 1224 1134 1255 auf Hinzelmeiers Naſe herabfallen, welche im Nu die
188 1267 1133 1300 Scenerie veränderte und ihm in der Ferne den Stein der
191 1312 1145 1347 Weiſen vorgaukelte, worauf Hinzelmeier ſich ſtets bemüßigt
191 1359 1136 1390 fand, verjüngende Roſe und Jungfrau im Stiche zu laſſen
186 1402 1131 1435 und dem geſuchten Steine nachzujagen. In dieſer ‚nachdenk⸗
179 1446 1146 1480 lichen Geſchichte’, die hiermit Allen empfohlen iſt, denen
188 1491 1143 1524 auch im Leben die Brille des Krahirius auf die Naſe ge⸗
185 1534 1133 1569 fallen iſt, herrſcht ein recht glücklicher Humor. Weniger an⸗
185 1573 1127 1611 ſprechend ſind die Märchen Der Spiegel des Cypri⸗
183 1617 1133 1651 anus (Heiligenſtadt und Huſum, 1864, 1865) und Bu⸗
180 1662 1137 1695 lemanns Haus (Huſum, 1865), während der kleine
189 1708 1137 1740 Häwelmann (Huſum, 1849) den kindlichen Ton glücklich
180 1756 261 1788 trifft.
296 1798 1134 1834 In den 1874 erſchienenen ‚Novellen und Gedenk⸗
177 1846 1137 1878 blättern’ führt uns das Gedenkblatt an ‚Lena Wies’, die
186 1888 1146 1926 alte Freundin und Rhapſodin ſeiner Jugendzeit ein an⸗
177 1930 1146 1968 muthiges Stück nordiſchen Lebens vor. Und dann — ja
183 1975 1143 2016 dann erzählte Lena Wies; und wie erzählte ſie! — Platt⸗
177 2019 1146 2061 deutſch, in gedämpftem Ton, mit einer andachtsvollen
186 2064 1140 2106 Feierlichkeit; und mochte es nun die Sage von dem geſpen⸗
186 2109 1137 2151 ſtigen Schimmelreiter sein, der bei Sturmfluthen Nachts
177 2152 1140 2194 auf den Deichen geſehen wird, und wenn ein Unglück be⸗
180 2197 1134 2238 vorſteht, mit ſeiner Mähre ſich in den Bruch hinabſtürzt,
180 2241 1137 2284 oder mochte es ein eigenes Erlebniß oder eine aus dem
189 2284 1131 2328 Wochenblatt oder ſonſtwie aufgeleſene Geſchichte sein, Alles
189 2329 1128 2374 erhielt in ihrem Munde ſein eigenthümliches Gepräge und
192 2373 1137 2419 ſtieg, wie aus geheimnißvoller Tiefe, leibhaftig vor den
189 2415 1140 2463 Hörern auf. Dazu tickte die Uhr und ſangen aus der Ofen⸗
183 2458 1128 2506 wand die Heimchen; mitunter an Herbſtabenden — und
195 2502 1137 2553 dann war es am allerſchönsten — rauſchten auch noch von
198 2547 1140 2596 ferne die Lindenbäume, die drüben, jenſeit der Gaſſe, hin⸗
182 2592 1140 2643 ter einer Gartenplanke ſtanden; — wie weit dahinter lag
189 2637 1131 2688 dann die ganze Alltagswelt! Später, als ich ſelbſt der⸗
1223 279 2168 315 gleichen Dinge erſann und niederſchrieb, ſandte ich ihr
1223 322 2159 358 wohl das eine oder andere Buch; und ſie hat dann lächelnd
1218 366 2159 403 geäußert: ‚das hätte ich von ihr gelernt.’ Nicht minder rei⸗
1214 411 2169 450 zend iſt die Erzählung ‚Beim Vetter Chriſtian’. Der Haus⸗
1226 457 2168 493 drache und der Doctor, der vor lauter Gelehrſamkeit nicht
1214 501 2165 538 auf den Gedanken kommt, daß, wenn man ein Mädchen
1214 547 2171 585 liebt, es der einfachſte Weg iſt, ſie zu heiraten, und als
1230 591 2169 628 ihm dann plötzlich ein Licht aufgeſteckt wird, meint, auf
1211 637 2162 672 den Einfall hätte er auch wohl kommen können, ſind
1227 681 2166 715 Prachtſtücke der Charakteriſtik. Welch drückende Atmo⸗
1221 724 2175 760 ſphäre ruht dagegen auf der in dieſelbe Sammlung auf⸗
1223 768 1883 808 genommenen Erzählung ‚Viola tricolor’!
1328 814 2168 849 Als Lyriker nimmt Storm ebenfalls einen achtungs⸗
1230 861 2166 895 werthen Platz in unſerer Literatur ein, und gerade ſeine
1220 903 2168 939 friſchen, von aller Sentimentalität freien Lieder beweiſen,
1218 949 2175 984 was er auch als Erzähler hätte leiſten können. Storm hat
1215 993 2172 1030 nämlich in der Schule der Lyrik zu Füßen der beſten Lehr⸗
1218 1039 2172 1075 meiſterin geſeſſen, welcher wir die tüchtigſten Schüler ver⸗
1218 1083 2166 1120 danken, zu Füßen der Volkspoeſie. Manche ſeiner Lieder
1221 1131 1917 1167 ſind dem Volksliede täuſchend nachgeahmt:
1472 1188 1901 1221 Einen Brief ſollt ich ſchreiben
1467 1225 1899 1258 Meinem Schatz in der Fern’,
1478 1261 1782 1293 Sie hat mich gebeten,
1473 1299 1818 1329 Sie hätt’s gar zu gern.
1479 1350 1832 1387 Als wir noch mitſammen
1473 1389 1749 1422 Uns luſtig gemacht,
1472 1423 1796 1456 Da haben wir nimmer
1467 1461 1812 1492 Ans Schreiben gedacht.
1464 1512 1857 1545 Was hilft mir nun Feder
1475 1546 1812 1579 Und Dint’ und Papier!
1466 1579 1817 1612 Du weißt, die Gedanken
1472 1612 1776 1647 Sind allzeit bei Dir.
1311 1669 2172 1702 Manche feine Beobachtung gelingt dem ſcharfen Auge
1208 1716 2013 1752 des Dichters, wie in dem Gedichte ‚Frauenhand’:
1391 1776 1950 1807 Ich weiß es wohl, kein klagend Wort
1386 1812 1872 1845 Wird über Deine Lippen gehen;
1401 1848 2016 1884 Doch, was ſo ſanft Dein Mund verſchweigt,
1398 1884 1895 1918 Muß Deine blaſſe Hand geſtehen.
1395 1935 1950 1968 Die Hand, an der mein Auge hängt,
1391 1971 1971 2004 Zeigt jenen feinen Zug der Schmerzen
1389 2004 1889 2038 And daß in ſchlummerloſer Nacht
1400 2038 1904 2074 Sie lag auf einem kranken Herzen.
1319 2103 2165 2140 Auch auf der ſchreibenden Hand des Dichters ent⸗
1211 2148 2168 2182 decken wir ‚jenen feinen Zug der Schmerzen’, und mögen
1217 2191 2157 2226 es die Leiden des von ſeinem Heimatlande getrennten
1220 2235 2153 2269 Schleswigers oder Kümmerniſſe anderer Art geweſen ſein,
1221 2277 2160 2314 der durch alle ſeine Schöpfungen durchtönende elegiſche
1212 2320 2160 2358 Klagelaut, das Inſichſelbſtvergrübelnde, das Sichſelbſtge⸗
1218 2365 2160 2403 nügen und kindlich Unentwickelte beweiſt, daß in Theodor
1211 2409 2166 2448 Storm ein reiches Talent in ſeiner Entfaltung iſt geſtört
1211 2452 2165 2491 worden und nicht zum Beſitz der vollen Männlichkeit ge⸗
1211 2497 2162 2538 langen konnte. Daß Storm’s Manier dauernd in die
1205 2542 2165 2580 deutſche Literatur übergehe, kann daher trotz aller Aner⸗
1205 2586 2123 2628 kennung ſeines reichen Talents unſer Wunſch nicht ſein.
1251 2632 2126 2671 Vierſen. Norrenberg.
831 2778 1509 2812 Recenſionen und Referate.
573 2854 753 2896 Theologie.
192 2895 1137 2950 Sechs Bücher des Lebens Jeſu von Dr. Peter Schegg, erz⸗
273 2938 1128 2995 biſchöfl. geiſtl. Rath und o. ö. Prof. an der k. b. Uni⸗
276 2983 1128 3040 verſität München. 2 Bände. 8. Freiburg. Herder
284 3031 879 3085 1874 und 1875. Preis: 8, 40 Mark.
302 3070 1131 3129 Als vor zwölf Jahren unter der Maske der Wiſſen⸗
188 3117 1139 3177 ſchaftlichkeit jenes ebenſo ruchloſe als leichtfertige Attentat
1205 2844 2162 2884 auf die Person und den Charakter des Gottmenſchen und
1217 2889 2159 2929 Welterlöſers gemacht und unter dem Titel eines ‚Lebens
1209 2932 2165 2974 Jeſu’ von Frankreich aus durch die antichriſtliche Secte
1218 2976 2160 3016 mit unerhörter Geſchäftigkeit nach allen Ländern hin ver⸗
1208 3021 2168 3061 breitet und auf das pomphafteſte angeprieſen wurde, da
1212 3064 2157 3105 erhob ſich voll Entrüſtung allenthalben die chriſtliche und
1209 3111 2175 3147 katholiſche Wiſſenſchaft, um die Erbärmlichkeit jenes blas⸗
