2365 3351
1133 123 1201 235 138
176 263 1137 300 Gröne, V., die Papſt⸗Geſchichte. 2. Aufl. 2 Bde. gr. 8. Regens⸗
243 303 1124 337 burg. Manz. 13. 20
161 339 1128 370 Martin, K., Katechismus des römiſch katholiſchen Kirchenrechts.
239 373 1116 411 gr. 8. Münſter. Aſchendorff. 2. —
167 409 1125 442 Neumann, P., das Leben unseres Herrn und Heilandes Jesu
242 445 1115 478 Christi des Sohnes Gottes. 1. Bd. gr. 8. Prag. Urbanek.
1049 481 1121 511 5. 60
170 517 1133 549 Patrum, sanctorum, opusc. sel. Ed. H. Hurter. 29. Bd. 16.
245 552 1121 586 Innsbruck. Wagner. 1. 44
165 586 1116 622 Surius, Historiae seu vitae Sanctorum. Vol. II.: Februarius.
239 625 1128 658 Turin. Loescher. 10. 80
437 687 848 718 Akatholiſche Theologie.
170 733 1115 766 Ebrard, J. H. A., Apologetik. Wiſſenſchaftl. Rechtfertigung des
236 769 1121 802 Chriſtenthums. 2. Theil. gr. 8. Gütersloh. Bertelsmann.
1049 805 1121 835 9. —
161 840 1118 874 Lange, J. P., theologiſch⸗homiletiſches Bibelwerk des Neuen
242 876 1122 909 Teſt. Theil 8.: Der Brief Pauli an die Galater von O.
233 912 1112 946 Schmoller. 3. Aufl. gr. 8. Bielefeld. Velhagen u. Kla⸗
234 945 1118 984 ſing. 1. 60
252 982 1125 1015 — — Theil 9b.: Die Briefe an die Eph., Kol., Phil. von
233 1015 1125 1051 K. Braune. 2. Aufl. gr. 8. Ebendaſ. 2. 80
173 1054 1124 1089 Scharling, C. H., Humanität u. Chriſtenthum in ihrer geſchichtl.
239 1086 1107 1123 Entwicklung. 2. Bd. gr. 8. Gütersloh. Bertelsmann. 8. —
161 1125 1122 1161 Vilmar, A. F. C., Dogmatik. Akademiſche Vorleſungen. Hrsg.
239 1160 1135 1195 von K. W. Piderit. 2. Thl. gr. 8. Ebendaſ. 6. —
161 1197 1119 1231 Wolff, O., altteſtam. Studien u. Kritiken. 2. Bd. gr. 8. Bres⸗
228 1233 1115 1267 lau. Dülfer. 4. 40
528 1273 756 1309 Philoſophie.
167 1323 1128 1356 Ginsberg. H., die Ethik des Spinoza im Urtexte gr. 8.
239 1356 1116 1390 Leipzig. Koschny. 2. —
167 1393 1124 1426 Grimm, E., Arnold Geulinx’ Erkenntnisstheorie und Occasio-
240 1426 1119 1462 nalismus. gr. 8. Jena. Dufft. 1. 50
171 1462 1113 1498 Mill, J. St., über Religion. Natur. Die Nützlichkeit der Reli⸗
246 1501 1122 1534 gion. Theismus. Deutſch von E. Lehmann. gr. 8 Ber⸗
237 1533 1128 1570 lin. F. Duncker. 5. —
165 1572 1118 1606 Noiré, L., der moniſtiſche Gedanke. Eine Concordanz der Phi⸗
246 1609 1122 1642 loſophie Schopenhauer’s, Darwin’s, R. Mayer’s u. L. Gei⸗
242 1644 1124 1683 ger’s. gr. 8. Leipzig. Veit. 6. —
201 1680 1115 1716 — — Grundlegung einer zeitgemässen Philosophie gr. 8.
233 1717 1122 1750 Ebendas. 2. —
158 1750 1116 1783 Schulze, F., Kant und Darwin. Ein Beitrag zur Gesch. der
239 1780 1126 1816 Entwicklungslehre. gr. 8. Jena. Dufft. 4. —
164 1821 1122 1854 Spielmann, A., die Aechtheit des platonischen Dialogs Char-
236 1857 1116 1888 mides mit Beziehung auf die ‚platonische Frage’ u. mit
234 1893 1116 1924 bes. Rücksicht auf Schaarschmidt’s Antithese untersucht.
239 1929 1121 1962 gr. 8. Innsbruck. Wagner. 1. 60
156 1965 1118 1999 Zeller, E., die Philosophie der Griechen in ihrer geschichtl.
236 2002 1113 2034 Entwicklung dargestellt. 2. Thl. 1. Abth. 2. Hälfte. 3. Aufl.
236 2037 1124 2074 gr. 8. Leipzig. Fues 5. —
554 2083 737 2116 Pädagogik.
158 2131 1112 2164 Peterſen, J. F., Anſchauungs⸗ u. Denkübungen nach dem Leben.
234 2166 1123 2199 3. u. 4. Heft. gr. 8. Halle. Waiſenhaus. à 1. —
155 2203 1115 2236 Waitz, Th., allgem. Pädagogik u. kleinere pädagog. Schriften.
236 2239 1125 2271 2. Aufl. Hrsg. v. O. Willmann. 1. Lfg. gr. 8. Braun⸗
236 2275 1122 2310 schweig. Vieweg. 3. 60.
485 2332 819 2370 Naturwiſſenſchaft.
240 2379 1119 2416 Agaſſiz, L., der Schöpfungsplan. Vorleſungen über die natürl.
242 2415 1122 2451 Grundlagen der Verwandtſchaft unter den Thieren. Ueberſ.
227 2452 1127 2488 von C. G. Giebel. gr. 8. Leipzig. Quandt u. Händel.
1049 2488 1118 2518 3. 60
159 2521 1119 2559 Bronn’s, H. G., Klassen und Ordnungen des Thierreiches
227 2559 1110 2593 Fortges. von C. G. Giebel. 6. Bd. 5. Abth. Mammalia.
233 2595 1116 2631 8. Lfg. gr. 8. Leipzig. Winter. 1. 50
161 2629 1116 2665 Dammer, O., kurzes chem. Handwörterbuch. 13. Lfg. gr. 8.
240 2665 1119 2701 Berlin. Oppenheim. 1. 20
168 2700 1125 2737 Darwin, Ch., die Abstammung des Menschen u. die geschlechtl.
233 2737 1121 2773 Zuchtwahl. Aus dem Englischen von V. Carus. 2 Bde.
243 2773 1110 2809 3. gänzlich umgearb. Aufl. gr. 8. Stuttg. Schweizerbart.
1038 2808 1107 2839 18. —
164 2842 1116 2878 Hallier, E., die Weltanschauung eines Naturforschers. gr. 8.
240 2877 1122 2911 Jena. Dufft. 4. —
171 2916 1122 2950 Hellmuth’s, J. H., Elementar⸗Naturlehre. 18. Aufl. 1. Hälfte.
239 2950 1101 2986 gr. 8. Braunſchw. Vieweg. 3. —
165 2986 1115 3022 Koch, K., Vorlesungen über Dendrologie. gr. 8. Stuttgart.
233 3022 1115 3055 Enke. 8. 80
159 3057 1115 3097 Kopp. H., Ansichten über die Aufgabe der Chemie u. über
242 3094 1118 3130 die Grundbestandtheile der Körper bei den bedeutendsten
236 3132 1124 3168 Chemikern von Gerber bis G. E. Stahl. Die Entdeckung
1255 260 2160 300 der Zusammensetzung des Wassers. gr. 8. Braunschweig.
1284 297 2153 333 Vieweg. 12. —
1200 339 2151 369 Kopp. H., Beiträge zur Gesch. der Chemie. 1., 2. u. 3. Stück.
1281 372 2144 405 gr. 8. Ebendas. 30. —
1193 409 2147 442 Lubbock, J., die Entſtehung der Civiliſation u. der Urzuſtand
1274 445 2147 478 des Menſchengeſchlechts, erläutert durch das äußere und
1275 480 2148 514 innere Leben der Wilden. gr. 8. Jena. Coſtenoble. 12. —
1202 516 2156 550 Mayer, A., Lehrbuch der Agriculturchemie 2. Aufl. 1. Lfg.
1271 552 2160 585 gr. 8. Heidelberg. Winter 2. —
1203 588 2148 621 Müller, J., Grundriß der Phyſik und Meteorologie. Mathem.
1271 625 2148 657 Supplementband. 3. Aufl. gr. 8. Braunſchweig. Vieweg.
2085 658 2154 691 6. —
1218 694 2153 729 — Auflöſung der Aufgaben des Grundriſſes der Phyſik u.
1281 732 2150 763 Meteorologie, ſowie des dazu gehörigen Supplementbandes.
1265 765 2153 801 3. Aufl. gr. 8. Ebendaſ. 1. 60
1197 801 2153 835 Rammelsberg, C. F., Handbuch der Mineralchemie. 2. Aufl.
1268 835 2111 870 I. Allg. Theil. gr. 8. Leipzig. Engelmann. 3. —
1206 873 2144 909 Secchi, A., die Einheit der Naturkräfte. 1. Lfg. gr. 8. Leip-
1262 909 2105 943 zig. Frohberg. 3. —
1193 946 2145 979 Zängerle, M., Grundriss der Chemie. gr. 8. München. Gru-
1271 980 2158 1015 bert. 5. —
1242 1017 2147 1051 — Lehrbuch der Chemie. 2. Aufl. gr. 8. Ebendas 7. 20
1527 1096 1842 1129 Rechtswiſſenſchaft.
1200 1143 2153 1177 Ahrens, H., Cours de droit naturel on de philosophie du
1274 1179 2157 1213 droit. 7. ed. 2 Tom. gr. 8. Leipzig. Brockhaus. 10 M.
1986 1210 2145 1245 geb. 13. —
1205 1249 2157 1284 Bluntschli, J. C., Gesch. des schweizerischen Bundesrechts
1272 1285 2157 1318 von den ersten ewigen Bünden bis auf die Gegenwart.
1256 1320 2145 1356 1. Bd. 2. Aufl. gr. 8. Stuttg. Meyer u. Zeller. 15. —
1193 1357 2156 1390 Bluntſchli’s Staatswörterbuch, hrsg. v. Löning. 33. u. 34.
1283 1390 2160 1426 (Schluß⸗)Heft. gr. 8. Zürich. Schultheß. 2. 40
1202 1429 2147 1462 Ebert, L., die Armengeſetzgebung, die Freizügigkeit, ſowie die
1275 1464 2147 1498 Erwerbung u. der Verluſt der Reichs⸗ u. Staat angehörig⸗
1265 1501 2145 1533 keit im deutſchen Reiche. 2. Aufl. gr. 8. Breslau. Korn.
1271 1533 2139 1570 4 M. geb. 5. —
1193 1573 2147 1605 Gengler, G. H., Glossar zu den germ. Rechtsdenkmälern.
1262 1605 2167 1644 gr. 8. Erlangen. Deichert. 3. —
1200 1644 2154 1678 Hartmann, G., die Obligation. Untersuchungen über ihren
1266 1683 2161 1714 Zweck u. Bau. gr. 8. Ebendas. 5. —
1193 1716 2142 1750 Höinghaus, R., neue preuß. Vormundſchafts⸗Ordnung. gr. 8.
1263 1747 2154 1783 Berlin. Mecklenburg. 3. —
1190 1786 2153 1819 Koch, C. F., allgem. Landrecht für die preußiſchen Staaten.
1269 1822 2145 1855 5. Ausg. 2. Bd. 2. Hälfte. gr. 8. Berlin. Guttentag.
2082 1858 2145 1891 8. —
1202 1894 2150 1929 Meiſcheider, E., Beſitz u. Beſitzſchutz. Studien über alte Pro⸗
1262 1926 2141 1965 bleme. 1. Heft. gr. 8. Berlin. Vahlen. 4. —
1203 1965 2144 1999 Molle, die Lehre von den Aktien-Gesellschaften und den
1268 2002 2141 2037 Commandit-Gesellschaften auf Aktien. gr. 8. Ebendas.
2079 2037 2132 2071 4. —
1202 2073 2144 2110 Schmidt, J., Lehrbuch des preuß. Rechts u. Proceſſes mit Rück⸗
1275 2110 2145 2145 ſicht auf die Reichsgeſetzgebung, das gemeine Recht u. den
1283 2145 2147 2182 gemeinrechtlichen Prozeß. 5. Aufl. 4. u. 5. Lfg. gr. 8. Bres⸗
1259 2181 2150 2218 lau. Maruſchke u. Behrendt. à 3.—
1191 2217 2145 2251 Schwing, F., zur Lehre von der heredis institutio ex re certa.
1284 2249 2165 2289 gr. 8. Greifswald. Bamberg. 2. —
1202 2290 2141 2323 Steinitz, H., die preuß. Vormundſchafts⸗Ordnung von 1875.
1265 2323 2154 2359 I. Vormundſchafts⸗Ordnung. gr. 8. Berlin. Hempel. 3. —
1199 2361 2145 2394 Stobbe, O., Handbuch des Deutſchen Privatrechts. 2. Bd. 1.
1268 2398 2142 2431 Abth. Zweites Buch: Sachenrecht. Der Beſitz und das Im⸗
1266 2433 2142 2467 mobiliarſachenrecht. Berlin. Beſſer. 5. 25
1193 2470 2151 2503 Wißmann, Th., das Ehe⸗ u. Familienrecht in Preußen aus der
1265 2497 2171 2538 Geſetzgebung des neuen Deutſchen Reiches, dem preuß. Land⸗
1268 2542 2148 2574 recht, dem rhein. Geſetzbuche u. gemeinrechtl. Satzungen.
1265 2574 2145 2611 gr. 8. Berlin. Pfeiffer. 1. 50
1225 2607 2153 2646 — die preuß. Geſetzgebung über das Vormundſchaftsweſen
1262 2647 2160 2683 ſachlich erörtert. gr. 8. Ebendaſ. —. 75
1452 2731 1869 2764 Geſchichte. Biographie.
1187 2775 2144 2809 Assmann’s, W., Gesch. des Mittelalters von 395–1492. 2
1268 2812 2144 2845 umgearb. Aufl. von Dr. Ernst Meyer. 1. Abth. 1. Lfg.
1269 2848 2157 2881 gr. 8. Braunschw. Vieweg. 3. 60
1194 2883 2148 2919 Böhmer, J. F., Regesta imperii. VIII. Die Regesten des
1265 2919 2142 2955 Kaiserreichs unter Kaiser Karl IV. 1346–1378. Hrsg.
1278 2953 2144 2992 von AIf. Huber. 2. Lfg. gr. 8. Innsbruck. Wagner.
2076 2994 2139 3025 6. —
1190 3025 2142 3063 Briefwechſel zwiſchen Varnhagen u. Rahel. 5. u. 6. Bd. gr. 8
1262 3063 2141 3100 Leipzig. Brockhaus 12. —
1196 3097 2153 3135 Bunge, F. G. v., Livland, die Wiege der deutscher Weih-
1272 3135 2100 3171 bischöfe. gr. 8. Leipzig. Bidder. 3. —
