2365 3351
1167 160 1239 193 124
491 276 890 309 Kunſt. Kunſtgeſchichte.
203 321 1161 360 Köhler, H., polychrome Meisterwerke der monumentalen
272 357 1151 393 Kunst in Italien vom 5.—16. Jahrh. 1. Heft. 2. Aufl.
276 390 1103 430 Imp. Fol. Leipzig. Baumgartner, 30. —
201 427 1148 469 Lobe, J. C., Lehrbuch der musik. Composition. 1. Bd. 4.
267 463 1155 502 Aufl. gr. 8. Leipzig. Breitkopf u. Härtel. 10. —
206 501 1149 540 Marx, A. B., musikal. Kompositionslehre. 1. ThI. 8. Aufl.
267 534 1136 577 gr. 8. Leipzig. Ebendas. 12. —
201 574 1152 612 Matthias, J., die Formensprache des Kunstgewerbes. 4. Lieg-
276 606 1121 646 nitz. Cohn. 8. —
200 645 1161 684 Richter, E. F., prakt. Studien zur Theorie der Musik. II.
273 684 1152 718 Lehrbuch der einf. u. dopp. Contrapunkts. 2. Aufl. gr. 8.
278 721 1110 756 Leipz. Breitkopf u. Härtel. 3. —
525 780 851 814 Literaturgeſchichte.
198 828 1149 865 Gildemeiſter, C. H., Johann Georg Hamann’s, des Magus im
264 865 1163 901 Norden, Leben u. Schriften. 1. Bd. 1730—1764. 2. Ausg.
278 898 1125 942 gr. 8. Gotha. F. A. Perthes. 3. —
201 936 1155 975 Grangier, Histoire abrégée et élémentaire de la littérature
270 972 1158 1009 française. 5. ed. gr. 8. Leipzig. Brockhaus. 3, 50 Mark.
1001 1005 1157 1041 geb. 4. 50
195 1045 1152 1081 Grisebach, E., die deutsche Literatur 1770—1789. gr. 16.
284 1078 1143 1119 Wien. Rosner. 6. —
204 1117 1155 1156 Paoli, B., Grillparzer u. ſeine Werke. 8. Stuttgart. Cotta. 1. 50
582 1186 777 1222 Philologie.
197 1236 1158 1270 Beiträge zur Gesch. der deutschen Sprache u. Lit. Hrsg. v.
266 1272 1152 1306 H. Paul u. W. Braune. 2. Bd. 2. Heft. gr. 8. Halle.
275 1305 1160 1342 Lippert. 3. 60.
198 1344 1151 1380 Braune, W., althochdeutsches Lesebuch. gr. 8. Ebendas.
1079 1375 1125 1407 4. —
195 1413 1151 1453 Brugsch-Bey, H, l’exode et les monuments Egyptiens. gr. 8.
278 1446 1121 1486 Leipzig. Hinrichs. 4. —
192 1485 1161 1525 Bursian, C., über den relig. Char. des griech. Mythos. gr. 4.
276 1527 516 1561 München. Franz. 1. —
207 1557 1148 1599 Ciceronis de oratore libri 8. Erkl. v. G. Sorof. 1. Bdchen.
276 1594 1157 1636 gr. 8. Berlin. Weidmann. 1. 80
201 1632 1155 1671 Guhl, E., u. W. Koner, das Leben der Griechen u. Römer
273 1671 1151 1707 nach antiken Bildwerken dargestellt. 4. Aufl. 1. Lfg.
276 1705 1113 1744 gr. 8. Ebendas. 1. —
198 1736 1149 1777 Herodot’s Geſchichten. Deutſch von H. Stein. 2 Bde. gr. 8.
275 1770 1113 1810 Oldenburg. Schmidt. 9. —
204 1809 1155 1846 Stenzler, A. F., Elementarbuch der Sanskritsprache. 3. Aufl.
288 1846 614 1882 gr. 8. Breslau. Mälzer. 5. —
191 1881 1148 1921 Zupitza, J., Einführung in das Studium des Mittelhochdeutſchen.
263 1921 1110 1956 2. Aufl. 8. Oppeln. Reiſewitz. 2. —
512 1978 842 2014 Schöne Literatur.
194 2028 1160 2064 Bronner, B., Memoiren eines Todtenkopfs. 2 Bde. 8. Mainz.
261 2067 402 2100 Kirchheim. 6. —
192 2101 1155 2137 Dewall, J. van, ein Frühlingstraum. Roman. gr. 8. Stuttgart.
287 2137 1154 2176 Hallberger. 4. 50.
204 2175 1158 2209 Hillern, W. v., die Geier⸗Wally. Eine Geſch. aus den Tyroler
282 2209 1115 2248 Alpen. 2 Bde. gr. 8: Berlin. Pätel. 7. —
204 2244 1154 2284 Hopfen, H., Juſchu. Roman. 8. Stuttg. Hallberger. 4. 50
209 2281 1164 2323 Jókai, M., Mein, Dein, Sein. Roman. 5 Bde. 8. Berlin. Janke.
1083 2313 1155 2347 12. —
206 2353 1164 2395 Schücking, L., Feuer u. Flamme. Roman. 3 Bde. 8. Stuttgart.
264 2389 1155 2431 Simon. 13. 50
203 2425 1155 2466 Tauchnitz Collection. 16. Vol. 1491. 92: Sylvia’s choice,
282 2460 1158 2500 Theresa. By G. M. Craik. — 1493. 94: The way we
282 2497 1160 2536 live now by A. TroIIope. — 1495: The wandering
269 2535 1157 2572 heir by Ch. Reade. — 1496: The Gosan Smithy and
276 2571 1151 2608 other Stories by Mrs. Parr. — 1497. 98: Three fea-
269 2607 1167 2647 thers by W. BIack. à 1. 60
1214 261 2168 298 Temme, J. D. H., Aus grauer Heide. Criminalgeſch. 2 Bde.
1298 295 1809 330 8. Berlin. Wedekind u. Schwieger. 7. —
1218 333 2184 367 Turgénjew, J., Skizzen aus dem Tagebuche eines Jägers. 2
1295 364 2133 403 Thle. 8. Mitau. Behre. 9. —
1218 402 2184 438 Wichert, E., das grüne Thor. Roman. 3 Bde. 8. Jena. Coſte⸗
1302 438 2175 477 noble. 13. 50.
1616 480 1845 516 Prachtwerke.
1224 528 2178 567 Köhler, C. P. C., der Königsee, Berchtesgaden u. die Ram-
1284 565 2181 601 sau. Mach Aquarellen. Mit Schilderungen von M. Haus-
1295 603 2129 642 hofer. qu. Fol. geb. 15. —
1578 646 1830 678 Verſchiedenes.
1221 693 2172 730 Dieterici, F., Wissenschaft der Araber. gr. 8. Leipzig. Hin-
1289 727 2177 769 richs. 5. 60
1331 831 2177 867 In der Herder’ſchen Verlagshandlung in Freiburg iſt
1215 868 2040 904 erſchienen und durch alle Buchhandlungen zu beziehen:
1233 949 2181 988 Janſſen, J., Zeit- und Lebensbilder.
1379 1017 2012 1051 8⁰. (XXI u. 522 S.) Preis: 6 Mark.
1335 1056 2175 1092 Vorſtehendes Buch enthält folgende zwölf Abhandlungen
1232 1092 2175 1129 literar⸗ und kulturhiſtoriſchen und politiſchen Inhalts: 1. Eine
1226 1128 2183 1165 Culturdame und ihre Freunde (Forſter, die beiden Schlegel,
1221 1162 2180 1201 Schelling u. ſ. w.). 2. Alexander von Humboldt im Verkehr mit
1223 1198 2180 1239 ſeinen Freunden. 3. Der Philoſoph Schopenhauer, aus perſön⸗
1218 1233 2184 1273 lichem Umgang dargeſtellt. 4. Selbſtbekenntniſſe aus dem Leben
1218 1269 2181 1309 und den Briefen des Fürſten von Pückler⸗Muskau. 5. Aus Karl
1230 1306 2187 1347 Ritter’s Leben und Briefen. 6. Ein ruſſiſches Dichterleben. 7.
1227 1341 2175 1380 Erinnerungen an einen deutſchen Capuziner. 8. Politiſche und
1227 1378 2169 1416 kirchliche Anſchauungen der preußiſchen Diplomaten Nagler und
1226 1413 2184 1450 Rochow. 9. Friedrich Chriſtoph Dahlmann und ſein Briefwechſel
1217 1450 2181 1486 mit Friedrich Wilhelm IV., 10. Freiherr von Bunſen und ſein
1230 1486 2184 1521 Verhältniß zu Friedrich Wilhelm IV. II. Friedrich Wilhelm’s
1226 1522 2178 1557 IV. politiſche und regeliöſe Geſichtspunkte. 12. Gervinus über
1226 1561 1686 1596 Deutſchland und ſeine Zukunft.
1331 1662 2174 1696 In der Herder’ſchen Verlagshandlung in Freiburg iſt
1233 1698 2046 1735 erſchienen und durch alle Buchhandlungen zu beziehen:
1232 1728 2184 1794 Kirche, die katholiſche, und der „Altkatholicismus”. Ver⸗
1416 1767 2184 1800 glichen nach ihrer Vergangenheit, Gegenwart und
1419 1801 2178 1836 Zukunft. Ein Wort an das Volk von einem Volks⸗
1415 1836 2186 1872 freunde. Zweite Aufl. gr. 8⁰. (28 S.) —. 15
1241 1872 2183 1942 Stolz, A. A B C für große Leute. Kalender für Zeit
1502 1911 2178 1945 und Ewigkeit 1864. Fünfte Auflage, neu zu⸗
1496 1944 2169 1983 gerichtet mit groben Bildern. 8⁰. (140 S.
2091 1977 2175 2013 —. 50
1259 2019 2175 2055 — Das Vaterunſer. Zweiter Theil. Kalender für
1503 2055 2184 2094 Zeit und Ewigkeit 1846. Zwölfte Auflage. 8⁰.
1505 2088 2184 2131 (112 S.) —. 50
1229 2127 2177 2199 Schegg, Dr. P. Sechs Bücher des Lebens Jeſu.
1668 2164 2184 2200 Zweiter (Schluß⸗) Band. Mit einer
1674 2199 2180 2236 Karte. 8⁰ (VIII u. 616 S.) 4. 40
1665 2235 2189 2274 Das vollständige Werk, 2 Bände:
2115 2271 2190 2301 8. 40
1224 2310 2187 2377 Weber, J. Die Eheſcheidung nach dem geltenden ge⸗
1527 2346 2181 2383 meinen Kirchenrechte. Für den Kuratklerus
1533 2382 2171 2421 practiſch dargeſtellt. gr. 8⁰. (IX u. 95 S.
2117 2415 2183 2448 1. 20
1282 2455 2181 2496 — Die kanoniſchen Ehehinderniſſe nach dem
1521 2490 2193 2530 geltenden gemeinen Kirchenrechte. Für den
1530 2526 2196 2566 Kuratklerus practisch dargeſtellt. Zweite, mit
1530 2565 2178 2602 der Eheſcheidungslehre vermehrte Ausgabe.
1526 2599 2189 2640 gr. 8⁰. (IX u. 460 u. XCV S.) 6. 60
812 2703 1590 2739 Zur Nachricht!
420 2772 2189 2814 Die ‚Literariſche Rundſchau’ tritt mit Nr. 7, welche am 15. Juli ausgegeben werden ſoll, in ihr
207 2818 2187 2859 zweites Semeſter. In dem jetzt abgeſchloſſenen erſten haben wir ſchon zu unſerer Freude den Umfang des
209 2863 2189 2902 Blattes bedeutend über das im Proſpectus verſprochene ausdehnen können; und das zweite Semeſter wird
215 2905 1955 2952 ſtatt aus ſechs aus acht Nummern à 1 Doppelbogen beſtehen, ohne daß der Preis erhöht wird.
426 2955 2186 2992 Die Buchhandlungen und Poſtanſtalten nehmen noch fortwährend Abonnements auf den completen
191 2997 1931 3043 Jahrgang 1875 entgegen. Einzelne Semeſter ſind nur durch die Buchhandlungen zu beziehen.
426 3048 1335 3085 Paderborn und Aachen, den 15. Juni 1875.
317 3090 2075 3133 Die Redaction. Die Verlagshandlung.
399 3148 1988 3187 Verantwortlicher Redacteur Joſeph Köhler in Paderborn. — Druck von Franz Joſ. Urlichs in Aachen.
