2340 3385
1172 159 1232 189 15
203 261 1167 294 Septuaginta, ſind weltbekannt. Die literariſche Fruchtbarkeit
212 297 1164 331 Tiſchendorf's, verbunden mit einer großen Akribie, erſcheint um
212 333 1158 366 ſo ſtaunenswerther, wenn man bedenkt, wie viele Zeit ſeine
210 369 1164 403 zahlreichen und weiten Reiſen in Anſpruch nahmen. Auf der
215 403 1161 438 Univerſität Leipzig 1834—38 vorgebildet und ebenda 1840 als
215 439 1161 474 Docent habilitirt, fand er ſeinen wahren Beruf doch erſt, als
210 475 1161 510 es ihm gelang, mit einer Unterſtützung der ſächſiſchen Regierung
213 511 1151 547 (1840) nach Paris, weiter durch England, Holland, die Schweiz
216 547 1154 582 ſogar bis Aegypten, den Klöſtern der Nitriſchen Wüſte, nach dem
200 583 1164 618 Sinai, Paläſtina etc. zu reiſen, um überall alten noch unbekannten und
213 619 1164 654 undurchforſchten Handſchriften der Bibel nachzuſpüren. Eine
203 655 1160 690 Menge der werthvollſten Funde lohnte ſeine Mühen. Weitere
204 691 1155 727 Forſchungsreiſen, darunter zwei nur in den Orient, unternahm
206 727 1160 763 er in den Jahren 1849—59, die letzte auf Koſten der kaiſerlich
206 762 1154 798 ruſſiſchen Regierung. Auf dieſer entdeckte er den berühmten
212 799 1154 834 Codex Sinaiticus, die älteſte griechiſche Handſchrift der Bibel.
197 837 1160 870 Dieſelbe wurde auf Koſten des Kaiſers Alexander II. zum tau⸗
1236 262 2186 295 ſendjährigen Jubiläum des ruſſischen Reiches (1862) in vier
1241 297 2178 331 5oliobänden veröffentlicht. Als Apologet ist er auch mehrfach
1229 333 2187 367 für den Inhalt der Bibel aufgetreten. Durch Tiſchendorfs
1232 369 2186 403 ‚Reiſe in den Orient’ (1846) fand ſich der Fragmentiſt Fall⸗
1224 405 2187 438 merayer zu einer bittern, großentheils perſönlich ſatiriſchen Re⸗
1235 441 2180 474 cenſion veranlaßt, welche von jenem mit Stillſchweigen beant⸗
1229 477 2186 510 wortet wurde. 1862 erſchien: ‚Aus dem heiligen Lande’. Ti⸗
1248 513 2190 547 ſchendorfs letztes Werk iſt die Textesrecenſion der Pſalmenüber⸗
1235 549 2186 583 ſetzung des h. Hieronymus, welche zuſammen mit dem von Baer
1226 585 2186 619 beſorgten maſorethiſchen Texte 1874 von Delitzſch herausgegeben
1235 619 2177 655 iſt. Eine bis zum Jahre 1862 reichende Ueberſicht der litera⸗
1232 657 2183 691 riſchen Thätigkeit des Mannes haben wir in der Schrift von
1226 691 2186 729 Volbeding: ‚Conſtantin Tiſchendorf in ſeiner 25jährigen ſchrift⸗
1229 729 2177 763 ſtellerischen Wirkſamkeit’. Noch ſei erwähnt, daß Tiſchendorf es
1226 763 2187 799 war, der 1856 den Fälſcher Simonides entlarvte, von dem nam⸗
1238 801 2180 837 hafte Gelehrte in England und Deutſchland ſich hatten beſchwin⸗
1233 837 1386 870 deln laſſen.
1037 945 1339 1023 Büchertiſch.
470 1047 879 1114 Katholiſche Theologie.
204 1134 882 1165 Acta s. sedis in compend. redacta et ill. Vol. 8. Fasc. 1.
281 1170 620 1203 gr. 8. Regensb. Pustet. pro cplt. 13 M.
209 1207 1154 1239 Danko, J., divum Hieronymum oppido Stridonis . . . anno
275 1243 1155 1275 331 p. Chr. natum esse. gr. 4. Mainz. Kirchheim. 4 M.
209 1278 1148 1312 Gury, J. P., Comp. theol. mor. Cum annott. A. Ballerini.
282 1312 861 1350 Ed. 3. Tom. I. gr. 8. Regensb. Manz.
731 1351 1151 1383 pro tom. 1. und 2. 16,50 M.
203 1386 1148 1420 Mühlbauer, W., Decreta authent. congr. ss. ritnum. Suppl.
276 1422 906 1456 Tom. I. Fasc. 5. gr. 8. München. Stahl. 2,50 M.
266 1459 1151 1491 — Thesaurus resolutionum s. c. concilii quae consentanee ad
278 1495 1149 1530 Trident. patrum decreta. . . prodierunt usq. ad a. 1872.
279 1531 738 1564 Tom. 2. Fasc. 9. gr. 4. Ebend. 9 M.
197 1567 1043 1600 Nilles. N., de rationibus festorum ss. Cordis Iesu et puriss.
279 1602 1023 1633 Cordis Mariae e fontibus iuris can. erutis. Ed. 4. Tom.
269 1635 876 1666 I. Lib. 1. et 2. 8. Innsbruck. Wagner. 6 M.
191 1669 1032 1702 Theiner, A., Acta genuina ss. conc. Trid. Vol 1. und 2.
275 1708 864 1741 Hoch 4. Leipzig. Breitkopf u. Härtel. 80 M.
455 1771 887 1806 Akatholiſche Theologie.
204 1827 1010 1860 Corpus reformatorum. Vol. 41. J. Calv. Opera. Vol. 13.
269 1863 924 1899 gr. 4. Braunschw. Schwetschke und Sohn. 12 M.
203 1900 1049 1933 Hilgenfeld, A., hist. krit. Einleitung in das N. T. gr. 8.
278 1935 480 1966 Leipzig. Fues. 13 M.
194 1969 1145 2004 Keil, C. F., Commentar übor die Bücher der Makkabaeer
272 2002 819 2040 gr. 8. Leipz. Dörffling und Franke. 8 M.
195 2038 1142 2074 und Delitzsch, F., bibl. Comm. über das A. T. 4. Thl.
272 2073 1050 2110 Poëtische Bücher. 4. Bd. Hohes Lied und Koheleth. gr. 8.
270 2109 351 2140 Ebend. 8 M.
191 2146 1152 2182 Langen, J., die Kirchenväter und das N. T. gr. 8. Bonn, Weber.
1107 2188 1152 2218 5 M.
197 2217 1148 2254 Neander's, A., Werke. 14 Bd. Gotha. F. A. Perthes. 1,20 M.
558 2274 776 2311 Philoſophie.
198 2325 1116 2362 Bibliothek philos., Herausg. v. J. H. v. Kirchmann 212. —
270 2361 1157 2398 214. Heft (Cicero, Lehre der Akad.). 8. Berlin. Koschny.
1002 2400 1146 2433 à 0,50 M.
195 2431 1152 2472 Dühring, E., Cursus der Philos. als streng wissensch. Welt-
264 2469 1146 2508 anschauung und Lebensgestaltung. 2. Lfg. gr. 8. Leipz.
263 2509 386 2542 Koschny. 3 M.
188 2539 1143 2581 Spencer, H., Grundlagen der Philos. Autoris. deutsche Ausg.
266 2575 962 2614 v. B. Vetter. gr. 8. Stuttgart. Schweizerbart. 12 M.
191 2611 1152 2650 Stein, H. v., sieben Bücher zur Gesch. des Platonismus. 3.
264 2648 1146 2685 und letzter Theil. gr. 8. Göttingen. Vandenhoeck und
264 2692 402 2722 Ruprecht. 8 M.
186 2718 1143 2764 Zeller, E., die Philosophie der Griechen in ihrer geschichtl.
267 2755 1026 2796 Entwicklung dargest. 2. Thl. 1. Abth. 3. Aufl. gr. 8.
264 2802 440 2833 Leipz. Fues. 12 M.
569 2832 767 2865 Pädagogik.
203 2881 1136 2923 Grasberger, L., Erziehung und Unterricht im klass. Alterth
251 2913 728 2961 2. Thl. gr. 8. Würzburg. Stahel. 9,40 M.
195 2952 1146 2994 Menzel, R., Wandtafeln für d. physik. Unterricht. 3. Lfg. qu.
273 2991 656 3030 Fol. Breslau. Morgenstern. 3 M.
192 3022 1140 3067 Real⸗Encyclopädie des Erz.⸗ und Unterrichtsweſens nach kathol.
269 3058 1146 3102 Principien. Bearb. und herausg. v. H. Rolfus und A.
264 3097 1133 3139 Pfiſter. 2. Aufl. 4. Bd. 4. und 5. Lfg. gr. 8. Mainz
258 3144 444 3180 Kupferberg. à 1,65 M.
1223 1071 2180 1104 Wieſe, L., das höhere Schulweſen in Preußen. Hiſt.⸗ſtatiſtiſche
1292 1108 2183 1138 Darſt. 3. Bd. (1869–73.) gr. 8. Berlin. Wiegandt und
1295 1143 1406 1177 Grieben. 9 M.
1541 1194 1868 1228 Naturwiſſenſchaft.
1220 1260 2175 1293 Fliedner, C., Lehrbuch der Phyſik. 1. Thl. Die Phyſik der Ma⸗
1302 1296 1941 1327 terie. gr. 8. Braunſchw. Vieweg und Sohn. 4 M.
1235 1332 2190 1363 Hallier, E., Deutschlands Flora. 9. Aufl. 76.—80. Lfg. Hoch 4.
1305 1368 1521 1401 Leipz. Baensch. à 3 M.
1220 1404 2091 1438 Jaeger, G., in Sachen Darwin's insbes. contra Wigand. gr. 8.
1301 1438 1616 1471 Stuttg. Schweizerbart 5 M.
1227 1473 1974 1512 Landois, H., Thierſtimmen. gr. 8. Freib. Herder. 3 M.
1223 1512 2069 1548 Lorſcheid, J., Lehrbuch der organ. Chemie. gr. 8. Freib. Herder.
2060 1526 2192 1580 3,60 M.
1221 1581 2081 1618 Naturkräfte, die. Eine naturwiſſ. Volksbibliothek. 13. Bd. (Me⸗
1290 1617 2178 1653 chanik des menſchl. Körpers von J. Kollmann.) 8. Mün⸗
1299 1648 1538 1681 chen, Oldenbourg. 3. M.
1233 1683 2177 1725 Quenstedt, F. A., Petrefactenkunde Deutschlands. 1. Abth.
1296 1723 2099 1761 4. Bd. 7. Host. gr. 8. Mit Atlas. gr. 4. Leipz. Fues.
2105 1745 2178 1797 10 M.
1229 1798 2081 1836 Ruß, K., die fremdländiſchen Stubenvögel. 1. Lfg. gr. 8. Han⸗
1292 1831 1521 1864 nover. Rümpler. 3 M.
1229 1867 2183 1905 Strecker’s kurzes Lehrbuch der org. Chemie von J. Wisli⸗
1305 1905 2175 1942 cenus. 6. Aufl. 2. Abth. 8. Brauſchweig. Vieweg und
1289 1942 2178 1981 Sohn 4 M.
1371 2011 2028 2047 Geſchichte. Biographie. Memoiren.
1223 2064 2180 2106 Bancroft, G., History of the United States. Vol. 10. gr. 8.
1298 2100 2177 2137 Boston. (Brockhaus Sort. in Leipz.) 6 M.
1217 2137 2162 2173 Bancroft, G., Geſch. der Vereinigten Staaten v. Nordam
1295 2172 2174 2211 Deutſch v. A. Bartels. 9. u 10. Bd. gr. 8. Leipz. Wigand.
1287 2205 2184 2242 Bd. 9. Mark 8. Bd. 10 M. 7. 15 M.
1223 2244 2171 2278 Becker's, K. Fr., Erz. aus der alten Welt. 13. Aufl. herausg. v.
1289 2277 2166 2313 Maſius. 3 Bde. 8. Halle. Waiſenh. 6 M.
1218 2314 2184 2350 Duncker, M., Geſch. des Alterth. 2. Bd. 4. Aufl. gr. 8. Leipz.
1286 2349 2168 2386 Duncker und Humblot. 10 M.
1223 2383 2174 2422 Fontes rerum bohemicarum. Tom. II. Cosmae chronicon
1292 2421 2177 2461 Boëmorum cum continuatoribus. Fasc. 3. gr. 4. Prag. Gregr
1287 2458 2168 2494 und Dattel. 2,60 M.
1217 2493 2177 2532 Gentz, F. v., Tagebücher. 4. (Schluß⸗) Bd. gr. 8. Leipz. Brock⸗
1292 2529 2166 2565 haus. 8 M.
1208 2563 2168 2604 Gerlach, F. D., die Verf. der röm. Republik v. d. Gracchen
1284 2598 2172 2637 bis auf J. Caesar. gr. 4. Basel. Schneider. 1,50 M.
1208 2634 2181 2674 Guerre, la, franco-allemande de 1870—71. Redigé par la
1286 2668 2165 2707 section historique du Grand état-major prussien. 1. Partie.
1283 2706 2172 2745 5 et 6. livr. gr. 8. Berlin. Mittler und Sohn 8,20 M.
1218 2742 2172 2782 Keck, Kallſen und Sach, Bilder aus der Weltgeſch. 2. Thl.
1286 2778 2163 2817 Bilder aus d. Mittelalter v. O. Kallſen. gr. 8. Halle.
1293 2814 2178 2853 Waiſenh. Geb. 2 M.
1205 2850 2172 2889 Keym, F., Prinz Eugen v. Savoyen. Nach A. Arneth bearb.
1286 2884 2178 2923 (Hiſt. Bildniſſe. IV. Serie 1.) 8. Freiburg. Herder. 1. 50 M.
1208 2920 2177 2959 Kremer, A. v., Culturgesch. des Orients unter den Chali-
1277 2955 2175 2995 fen. 1. Bd. gr. 8. Wien. Braumüller. 12 M.
1202 2994 2171 3031 Mayer, J. M., Geſch. Bayerns. Lex. 8. Regensb. Manz.
2088 3034 2172 3064 12 M.
1205 3063 2172 3100 Mendelsſohn⸗Bartholdy, K., Geſch. Griechenlands. 2. Thl.
1293 3100 2163 3138 Staatengeſch. der neueſten Zeit. 20. Bd.) gr. 8. Leipz.
1283 3138 2172 3174 Hirzel. 8 M.
