2387 3353
1115 145 1199 178 219
1020 234 1301 315 Büchertiſch.
519 367 780 399 Bibliographie.
176 411 1124 450 Baldamus, Katholische Theologie. 1870–74. gr. 8. Leipzig.
255 445 1143 486 Hinrichs. 2. —
459 490 852 525 Katholiſche Theologie.
165 535 1122 577 Guéranger, P., die h. Adventszeit. 8. Mainz. Kirchheim. 4. 20
240 570 1121 610 — das Kirchenjahr. 7. Lfg. 8 Ebendaſ. 1. 40
546 643 765 678 Philoſophie.
174 688 1122 730 Fischer, E. L., über das Gesetz der Entwicklung auf psy-
245 720 1118 765 chisch-ethischem Gebiete. gr. 8. Würzburg. Keller. 2. —
170 759 1122 802 Ritter, H., und L. Preller, Historia philosophiae graecae
246 796 1153 837 et romanae ex fontium locis contexta. Ed. 5. cur. G.
252 828 1130 874 Teichmüller. gr. 8. Gotha. F. A. Perthes. 8. —
180 868 1136 910 Weygold, G. P., Kritik des philos. Pessimismus der neuesten
249 904 1134 948 Zeit. gr. 8. Leyden. Brill. 2. 70
510 957 827 994 Naturwiſſenſchaft.
176 1006 1137 1047 Hayek, G. v., Handbuch der Zoologie. 4. Lfg. gr. 8 Wien,
243 1041 1122 1081 Gerold. 3. 60
177 1077 1125 1119 Riemann, B., Schwere, Electricität und Magnetismus. Bearb.
252 1111 1125 1155 v. K. Hattendorf. gr. 8. Hannover. Rümpler. 8. —
174 1152 1138 1191 Schilling’s, S., Grundriß der Naturgeſch. Größere Ausg. 12.
261 1186 1149 1227 Bearb. 1. Thl.: Das Thierreich. gr. 8. Breslau. Hirt. 3. —
177 1221 1128 1264 Schulze, L. R., das Buch der phyſikal. Erſcheinungen. Frei
252 1261 1140 1299 nach A. Guillemin. 3. u. 4. Lfg. gr. 8. Leipzig. Froh⸗
251 1294 1122 1339 berg. à 1. —
183 1332 1134 1369 Stelzner, A. u. O. Prölß, Atlas der Mineralogie. Lex. 8.
258 1365 1130 1405 Leipzig. Brockhaus. Mark 1. 50. geb. 2. 80
171 1405 1125 1441 Suess, E., die Entstehung der Alpen. gr. 8. Wien. Brau-
257 1440 1147 1477 müller. 3. —
183 1474 1134 1513 Tyndall, J., die Wärme betrachtet als eine Art der Bewe-
248 1512 1158 1549 gung. Deutsche Ausg., hrsg. v. H. HeImholtz u. G.
261 1542 1147 1582 Wiedemann. 3. Aufl. gr. 8. Braunschw. Vieweg. 9. —
192 1581 1154 1618 Waltenhofen, A. v., Grundriss der allgemeinen mechani-
254 1613 1153 1650 chen Physik. gr. 8. Leipzig. Teubner. 8. —
192 1647 1136 1686 Wetzel, E., allg. Himmelskunde. 3. Aufl. gr. 8. Berlin. Stu-
248 1680 1127 1723 benrauch. 10. —
500 1734 830 1767 Rechtswiſſenſchaft.
188 1779 1130 1818 Baron, J., Pandekten. 2. Aufl. gr. 8. Leipzig. Duncker u.
261 1816 1139 1855 Humblot. 13. 20
189 1852 1153 1893 Endemann, W., das deutſche Handelsrecht. 3. Aufl. gr. 8. Hei⸗
258 1884 1142 1929 delberg. Bangel und Schmitt. 16. —
183 1929 1143 1968 Geſetzgebung, die, des deutſchen Reiches m. Erläutergn., hrsg.
261 1963 1151 2002 v. E. Bezold. 3. Thl.: Strafrecht u. Strafproceß. 1. Bd.
264 1993 1128 2038 2. Heft. gr. 8. Erlangen. Palm u. Enke. 2. —
195 2033 1155 2076 Hinſchius, P., die preuß. Kirchengeſetze der Jahre 1874 und
255 2071 1137 2107 1875 nebſt dem Reichsgeſetze vom 4. Mai 1874. gr. 8. Ber⸗
264 2107 1151 2146 lin. Guttentag. 5. —
195 2142 1149 2185 Ihering, R. v., Geiſt des röm. Rechts auf den verſch. Stufen
254 2178 1136 2221 fr. Entwicklg. 2. Thl. 2. Abth. 3. Aufl. gr. 8. Leipzig.
258 2211 1140 2254 Breitkopf u. Härtel. 9. —
195 2250 1146 2298 Severin, C. A., die preuß. Stempelgeſetzgebung ergänzt und er⸗
261 2284 1143 2332 läutert. II. Das Geſetz vom 30. Mai 1873, betr. die Erb⸗
254 2316 1142 2367 ſchaftsſteuer. gr. 8. Berlin. Vahlen. cart. 2. —
189 2356 1140 2406 Turnau, W., die Grundbuchordnung vom 5. Mai 1872 mit
270 2394 1158 2440 Ergänzungen und Erläuterungen. Kleinere Ausg. 8. Cart.
270 2427 1139 2473 Paderborn. Schöningh. 1. 60
201 2464 1143 2515 Vering, F. H., Gesch. n. Pandekten des röm. u. heutigen
261 2500 1162 2548 gemeinen Privatrechts. 4. Aufl. 4. (Schluss-) Lfg. gr. 8.
273 2535 1166 2581 Mainz. Kirchheim. Mark 3. 50. compl. 11. —
198 2571 1143 2623 Voigt, M., üb. das Aelius-u. Sabinus-System wie über einige
276 2607 1168 2655 verwandte Rechts-Systeme. Lex. 8. Leipz. Hirzel. 4. —
195 2644 1158 2695 Windſcheid, B., Lehrbuch des Pandektenrechts. 2. Bd. 4. Aufl.
275 2680 1154 2730 gr. 8. Düſſeldorf. Buddeus. 17. —
198 2715 1158 2766 Zachariae v. Lingenthal, C. S., Handbuch des französ.
279 2754 1145 2800 Civilrechts. 6. Aufl. Hrsg. v. E. S. Puchelt. 7. HIbbd.
266 2791 1164 2844 gr. 8. Heidelberg. Mohr. 3. —
504 2841 845 2881 Nationalökonomie.
207 2886 1155 2938 Dühring. E., Cursus der National- u. Socialökonomie, ein-
267 2923 1164 2974 schliesslich der Hauptpunkte der Finanzpolitik. 2. Aufl.
275 2956 1171 3015 gr. 8. Leipzig. Fues. 9. —
362 3012 998 3063 Geſchichte. Biographie. Memoiren.
206 3058 1152 3111 Arnold, W., über das Verh. der Reichs- zur Stammesgesch.
273 3096 1178 3147 und die Bedeutung der letzteren. gr. 8. Marburg. Elwert.
1069 3112 1179 3163 — 60
1197 348 2148 388 Becker, B., Geſch. der revolutionären Pariſer Commune in den
1269 382 2163 424 Jahren 1789–1794. gr. 8. Braunſchw. Bracke. 4. —
1203 418 2157 460 Benrath, K., Bernardino Ochino v. Siena. Ein Beitrag zur
1281 450 2144 490 Gesch. der Reformation. gr. 8. Leipzig. Fues. 7. —
1194 489 2157 532 Bulle, C., Geſch. der neueſten Zeit 1815–1871. 1. Bd.: Von
1280 526 2148 564 1815–1848. gr. 8. Bremen. Nordweſtdeutſcher Volksſchrif⸗
1265 564 2169 603 ten⸗Verlag. 6. —
1200 597 2154 640 Bunge, F. G. v., der Orden der Schwertbrüder. Dessen Stif-
1281 630 2156 673 tung. Verfassung u. Auflösung. gr. 8. Leipzig. Bidder. 2. —
1200 670 2157 712 Czerny, A., Bilder aus der Zeit der Bauernunruhen in Ober⸗
1266 705 2154 748 öſterreich. 1626. 1632. 1648. gr. 8. Linz. Ebenhöch. 5. 40
1203 739 2153 783 Druffel, A. v., Briefe u. Akten zur Gesch. des 16. Jahrh.
1269 777 2163 819 m. besond. Rücks. auf Bayerns Fürstenhaus. 3. Bd. 1.
1275 811 2160 856 Abth. Beiträge zur Reichsgesch. 1546–1551. gr. 8. Mün⸗
1278 846 2154 891 chon. Rieger. 6. 70
1200 883 2163 927 Eye, A. v., Atlas der Culturgesch. qu. Fol. Leipzig. Brock-
1268 916 2160 963 haus. 15 Mark. geb. 19. —
1209 957 2157 1002 Faigl, J. R., P. Joh. Nep. Hinteröcker, Prieſter der Geſ. Jeſu
1271 993 2159 1035 u. apoſt. Miſſ. in Auſtralien. Ein Lebensbild. gr. 8. Linz.
1275 1027 2165 1072 Ebenhöch. 2. 40
1209 1064 2174 1107 Fontes rerum Austriacarum. 1. Abth. Scriptores. 8. Bd.:
1281 1101 2159 1143 Die Königsaaler Geschichtsquellen mit den Zusätzen und
1281 1140 2157 1180 der Fortsetzung des Domherrn Franz v. Prag. Hrsg. v.
1275 1170 2147 1216 J. Loserth. gr. 8 Wien. Gerold. 10. —
1215 1212 2181 1252 Gieſebrecht, W. v., Geſch. der deutſchen Kaiſerzeit. 2. Bd. 4.
1284 1242 2154 1288 Aufl. gr. 8. Braunſchweig. Schwetſchke. 12. —
1209 1285 2160 1324 Heidemann, J., Peter v. Aspelt als Kirchenfürst und Staats-
1277 1324 1754 1362 mann. gr. 8. Berlin. Weidmann. 6. —
1209 1359 2166 1396 Hertzberg, G. F., Geſch. Griechenlands ſeit dem Abſterben des
1284 1393 2163 1432 antiken Lebens bis zur Gegenwart. 1. Thl. (Geſch. der eu⸗
1277 1431 2180 1470 rop. Staaten, hrsg. v. Heeren u. Ukert etc. 37. Lfg. 1. Abth.)
1283 1464 2184 1506 gr. 8. Gotha. F. A. Perthes. Subcriptionspreis 6. 80
1907 1497 2159 1534 Einzelpreis 8. 40
1215 1536 2182 1575 Höfner, M. J., Untersuchungen zur Gesch. des Kaisers L. Septi-
1284 1570 2169 1609 mius Severus u. seiner Dynastie. 1. Bd. gr. 8. Giessen.
1281 1606 2168 1644 Ricker. 7. 60
1205 1642 2169 1675 Horawitz, A., Michael Hummelberger. Eine biograph. Skizze.
1283 1675 2165 1716 gr. 8. Berlin. Calvary. gr. 8 1. 50
1208 1715 2177 1750 Jäger, O., Abriss der neuesten Gesch. 1815–1871. gr. 8.
1286 1750 2172 1789 Mainz. Kunze. 1. 60
1209 1788 2166 1827 Krieg, der deutſch⸗franzöſische, 1870—71. Red. von der kriegs⸗
1283 1824 2171 1864 geſchichtl. Abth. d. großen Generalſtabs. 1. Thl.: Geſch.
1290 1861 2172 1900 bis zum Sturz des Kaiſerreichs. 9. Heft. gr. 8. Berlin.
1286 1896 2160 1936 Mittler. 6. —
1218 1932 2177 1969 Kühne, B., Gedenkblätter auf Dr. Heinrich Schmid, Abt von
1292 1965 2165 2007 Einſiedeln. gr. 8. Einſiedeln. Benziger. 1. 60
1217 2002 2172 2041 Müller, W., polit. Geſch. der neueſten Zeit. 1816—1875. 1.—
1280 2037 2177 2077 5. Lfg. gr. 8. Stuttg. Neff. à —. 50
1226 2076 2175 2112 Neukirch, P., das Leben des Petrus Damiani. (Teil 1.: bis
1284 2112 2175 2149 zur Ostersynode 1059.) gr. 8. Göttingen. Peppmüller.
2100 2143 2166 2179 2. 80
1218 2181 2166 2221 Pauli, R., Geſch. Englands ſeit den Friedensſchlüſſen v. 1814
1287 2211 2184 2257 und 1815. 3. Thl. (Staatengeſchichte der neueſten Zeit. 22.
1293 2247 2163 2295 Bd.) gr. 8. Leipzig. Hirzel. 8. —
1218 2287 2182 2332 Sammlung hiſt. Bildniſſe. 3. Serie. II.: Der h. Otto v.
1284 2323 2166 2368 Bamberg u. Apoſtel der Pommern, v. J. A. Zimmer⸗
1289 2358 2159 2403 mann. — III.: Fürſtabt Martin Gerbert v. St.
1299 2394 2166 2439 Blaſien, v. J. Bader. 8. Freib. Herder. 1. 80 resp. 1. 20
1224 2430 2166 2475 Scherr, J., deutſche Cultur⸗ und Sittengeſch. 6. Aufl. gr. 8.
1296 2466 2166 2512 Leipzig. Wigand. 8. —
1230 2503 2175 2548 Schön. Aus den Papieren des Miniſters und Burggrafen von
1299 2542 2196 2584 Marienburg Th. v. Schön. 2. Bd. (Anhang zum 1. Thl.) gr.
1293 2574 2185 2617 8. Berlin. Duncker. geb. 10. —
1218 2611 2177 2655 Sickel, Th., Alcuinstudien. I. Lex. 8. Wien. Gerold. 1. 40
1221 2649 2169 2692 Stieve, F., der Urſprung des 30jähr. Kriegs 1607–1619. 1.
1302 2686 2188 2728 Buch: Der Kampf um Donauwörth. gr. 8. München.
1298 2718 2169 2763 Rieger. 12. —
1230 2757 2177 2802 Taylor, B., Geſch. von Deutſchland. 16. Stuttg. Auerbach.
2033 2796 2186 2832 geb. 7. —
1227 2830 2181 2875 Urkundenbuch des hiſt. Vereins für Niederſachſen. 9. Heft:
1305 2868 2171 2911 Urkundenbuch der Stadt Lüneburg. 2. Bd. gr. 8. Han⸗
1301 2904 2200 2944 nover. Hahn. 6. —
1220 2939 2198 2983 Vely, E., Herzog Karl von Württemberg und Franziska von
1317 2971 2172 3016 Hohenheim. gr. 8. Stuttg. Simon. 8. —
1227 3009 2171 3054 Voß. S. M., Gräfin v., 69 Jahre am preußiſchen Hofe. gr. 8.
1307 3043 2151 3088 1. —3. Aufl. Duncker u. Humblot. 9. —
1239 3081 2174 3126 Werner, A., Bonifacius, der Apostel der Deutschen u. die
1293 3116 2189 3162 Romanisirung von Mitteleuropa. gr. 8. Leipz. Weigel. 8. —
