2375 3386
1152 145 1203 175 35
186 248 1158 291 und Alterthumsvereine Deutſchlands und Redacteur des vom
186 285 1161 327 Vereine herausgegebenen Correſpondenzblatts. Von ſeinen
187 321 1158 363 ſchriftſtelleriſchen Leiſtungen ſei erwähnt ſeine Fortſetzung von
200 356 1152 397 Walther’s lit. Handbuch für Geſchichte und Landeskunde von
191 391 1151 435 Heſſen (3. Suppl.) — An demſelben Tage verſchied der Erlan⸗
197 429 1161 471 ger Prof. der Dogmatik Gottfried Thomaſins, ein enſchie⸗
189 467 903 508 dener Vertreter der ſpecifiſch luther. Lehre. —
1562 256 1832 289 Druckverſehen.
1329 310 2175 349 Im Proſpect iſt S. 2. Sp. 2. oben zu leſen: Dr. Katſch⸗
1205 348 2168 388 thaler Prof. in Innsbruck — für Dogmatik. — In Nr. 1.
1212 384 2174 423 ist S. 4. Sp. 2. Z. 15 von oben zu leſen: Phylogenie
1208 420 2175 459 ſt. Phlylogenie. — S. 13. Sp. 2. Z. 25 von oben: Sohm
1206 463 1337 496 ſt. Sohn.
1040 626 1333 705 Büchertiſch.
389 756 960 795 Encyclopädien. Sammelwerke.
204 801 1149 841 Bibliothek, internationale wissenschaftl. 8. u. 9. Bd. (Das
272 837 1151 877 Wesen des Lichts, von E. Lommel. 6 Mark. — Die
273 873 1161 913 Erhaltung der Energie, das Grundgesetz der heut. Na-
272 910 1158 949 turlehre, von B. Stewart. 4 Mark.) 8. Leipz. Brock-
279 945 1149 987 haus. 10 M.
200 981 1158 1023 Biographie, allg. deutſche, hrsg. v. R. Frhrn. v. Liliencron
270 1017 1154 1057 und F. X. Wegele. 1. Lfg. gr. 8. Leipz. Duncker und
264 1054 1152 1096 Humblot. 2,40 M.
474 1125 888 1165 Katholiſche Theologie.
198 1173 1146 1213 Arndt, A., Was iſt Wahrheit? Gründe, die mich bewogen ha⸗
273 1210 1154 1249 ben, zur kath. Kirche zurückzukehren. 8. Freiburg. Herder,
1044 1245 1152 1279 0,75 M.
201 1281 1148 1320 Bibliothek der Kirchenväter, hrsg. von V. Thalhofer. 127.
278 1317 1154 1353 128. Bdchn.: Gregor des Gr. ausgew. Schr., Fortſ.
269 1353 1157 1390 129. 130. Bdchn.: Hieronymus’ ausgew. Schr., Fortſ.
281 1390 1146 1425 131. 132. Bdchn.: Athanaſius’ ausgew. Schr., Fortſ.
275 1425 1152 1462 16. Kempten. Köſel. à 0,40 M.
201 1462 1152 1498 Guéranger, P., das Kirchenjahr. 3. Lfg. 8. Mainz. Kirchheim.
1049 1497 1151 1530 1,40 M.
194 1531 1143 1572 Heinrich, J. B., Dogmatiſche Theologie. 1. Bd. 3. (Schluß)
278 1563 1149 1605 Abth. gr. 8. Mainz. Kirchheim. 3 M.
206 1599 1151 1636 Newman, J. H., a letter addressed to His Grace the Duke
269 1633 1157 1671 of Norfolk on occasion of Mr. Gladstone’s recent expostu-
269 1668 1155 1707 lation. London. Dulau. 3 M.
204 1710 1151 1747 Roth, L. M., Die Zeit des letzten Abendmahles. Ein Beitrag
253 1492 1151 1783 zur Evangelien-Harmonie. 8. Freib. Herder. 0,80 M.
473 1830 887 1866 Akatholiſche Theologie.
195 1876 1146 1914 Keil, C. F., und F. Delitzch, bibl. Comm. über das A. T.
267 1912 1157 1951 2. Thl. Prophet. Geschichtsbücher. 2. Bd. Die Bücher Sa-
278 1944 1152 1986 muelis. 8. Aufl. gr. 8. Leipz. Dörffling u. Franke. 7 M.
197 1983 1152 2025 Preger, W., Geſch. der deutſchen Myſtik im Mittelalter. 1. Bd.
276 2016 1152 2059 Leipz. Dörffling u. Franke. 9 M.
204 2055 1155 2097 Rothe, R., Vorleſungen über Kirchengeſchichte und Geſch. des
279 2091 1163 2133 kirchl. Lebens, hrsg. v. Weingarten. 1. Thl. Die kath.
278 2125 1152 2164 oder kirchl. Zeit. 8. Heidelberg. Mohr. 6 M.
210 2161 1158 2206 Siegfried, C., Philo v. Alexandria als Ausleger des A. T.
276 2196 1151 2236 Nebst Untersuchungen über die Graecität Philo’s gr. 8.
278 2232 1164 2275 Jena. Dufft. 9 M.
204 2269 1161 2316 Uhlhorn, G., Der Kampf des Chriſtenthums mit dem Heidenth.
273 2304 1164 2350 2. durchgeſ. Aufl. 8. Stuttg. Meyer u. Zeller. 5 M.
216 2341 1163 2383 Winer’s bibl. Realwörterb. 2 Bde. 3. Aufl. Leipzig. C. H.
282 2379 1161 2422 Reclam sen. 15 M.
582 2434 795 2467 Philoſophie.
201 2485 1164 2532 Harms, F. die Reform der Logik. 4. Berlin. Dümmler. 3 M.
207 2520 1155 2568 Hartmann, E. v., krit. Grundlegung des transcendentalen
276 2557 1155 2601 Realismus. 2. Aufl. von: ‚Das Ding an sich und seine
281 2592 1155 2635 Beschaffenheit’. gr. 8. Berlin, C. Duncker. 4 M..
285 2628 1158 2673 — Wahrheit u. Irrthum im Darwinismus. Eine krit. Dar-
279 2662 1161 2712 stellung der org. Entwickelungstheorie. gr. 8. Ebend. 4 M.
206 2700 1167 2751 Fiſcher, K., Francis Bacon und ſeine Nachfolger. Entwicklungs⸗
282 2736 1166 2785 geſchichte der Erfahrungsphiloſophie. 2. Aufl. gr. 8. Leipz.
284 2770 1161 2820 Brockhaus. 15 M
209 2805 1157 2857 Leibniz, oeuvres, publiées par A. Foucher de Careil. Tome
279 2841 1166 2896 7. gr. 8. Paris. Didot Frères, Fils & Co. 7 M.
212 2877 1157 2929 Pfleiderer, O., Friedrich Wilhelm Joſeph Schelling. Gedächt⸗
291 2914 1157 2967 nißrede. gr. 8. Stuttg. Cotta. 2 M.
213 2949 1158 3001 Werner, zur Metaphysik des Schönen. Lex. 8. Wien. Gerold’s
279 2989 1158 3039 Sohn (Comm.) 0,50 M.
596 3054 800 3091 Pädagogik.
221 3093 1163 3147 Raumer, K. v., Geſch. der Pädagogik. 4. Aufl. 4. Bd. gr. 8.
296 3129 1176 3184 Gütersloh. Bertelsmann. 6 M.
1230 736 2172 775 Menzel, R., Wandtafeln für d. physik. Unterricht. 4. Lfg. qu.
1290 769 2181 808 Fol. Breslau. Morgenstern. 3 M.
1226 807 2172 846 Wandtafeln, naturgeſchichtliche. 1. Heft. 6 Tafeln. Wohnungen
1292 843 2175 883 der Thiere. Fol. Bonn. Henry. 3 M
1550 894 1865 933 Naturwiſſenſchaft.
1221 939 2171 981 Altum, B., die Geweihbildung des Elchhirſches. gr. 8. Berlin.
1302 973 2177 1018 Springer. 0,60 M.
1301 1009 2169 1053 — und H. Landois, Lehrbuch der Zoologie. 3. Aufl gr. 8
1287 1047 2172 1090 Freiburg. Herder. 4,50 M.
1220 1084 2175 1125 Classen. A, Grundriss der analyt. Chemie. Quantit. Analyse
1298 1120 2172 1161 in Beisp. gr. 8. Stuttg. Enke. 6 M.
1215 1158 2172 1198 Dodel, Arn., die neuere Schöpfungsgeſchichte nach dem gegenw
1298 1192 2171 1231 Stande der Naturwiſſenſchaften. Mit 87 Abbildgn. u. e.
1292 1228 2177 1269 Tafel in Holzſchn. gr. 8. Leipz. Brockhaus 12 M.
1224 1264 2171 1303 Erlenmeyer, E., über den Einfluss des Fhrn. J. v. Liebig
1299 1303 2175 1339 auf die Entw. der reinen Chemie. gr. 8. München. Franz.
1305 1336 2184 1377 (Comm.) 2.25 M.
1227 1374 2183 1413 Linke, J. R., Atlas der Gistpflanzen. 3. Aufl. 1. Lfg hoch
1299 1408 2181 1449 4. Braunschw. Vieweg u. Sohn. 1,50 M.
1220 1444 2190 1482 Suess, E., die Erdbeben des südl. Italiens. gr. 4. Wien. Ge-
1299 1482 2177 1519 rold’s Sohn. (Comm.) 4,80 M.
1226 1519 2181 1555 Wilbrand, F., Leitf. für den method. Unterricht in der anorg.
1293 1554 2181 1591 Chemie. 2. Aufl. gr. 8. Hildesh. Lax. 2,25 M.
1373 1605 2034 1638 Geſchichte. Biographie. Memoiren.
1214 1651 2192 1684 Baumſtark, N., Philipp II., König von Spanien. 8. Freiburg.
1302 1686 2190 1719 Herder. 2 M.
1227 1722 2195 1759 Forſchungen zur deutſchen Geſch. 15 Bd. 3. Hälfte. 1. Heft. gr.
1292 1759 2177 1794 8. Göttingen. Dietrich. pro cplt. 10,50 M.
1226 1793 2205 1833 Ficker, J., über die Entstehungszeit des Schwabenspiegels
1295 1833 2178 1867 Lex. 8. Wien. Gerold’s Sohn. (Comm.) 1 M.
1224 1869 2178 1903 Gengler, H. G., german. Rechtsdenkmäler. Leges, Capitularia,
1305 1905 2184 1939 Formulae. In Auszügen und Proben mit Einleitg. und
1296 1935 2215 1975 ergänzenden Geschichtszeugnissen. gr. 8. Erlangen. Dei-
1295 1974 2177 2010 chert. 12 M.
1227 2009 2204 2050 Kern, F., Ludwig Gieſebrecht als Dichter, Gelehrter und Schul⸗
1293 2049 2177 2085 mann. Anhang: Ferd. Calo’s Leben, erz. v. L. Gieſebrecht.
1301 2080 2192 2121 gr. 8. Stettin. v. d. Rahmer. 6 M.
1227 2118 2192 2157 Kerner, H., Papſt Alexander III. (Sammlung hiſt. Bildniſſe.
1293 2150 2195 2191 3. Ser. 1. Ths.) 8. Freib. Herder. 1, 20 M.
1224 2187 2175 2227 Krieg, der deutſch franzöſ. 1870–71. Red. von der kriegs⸗ge⸗
1305 2224 2175 2263 ſchichtl. Abth. des Großen Generalſtabes. 1. Thl. 7. Heft.
1307 2256 2192 2299 Lex. 8. 6 M.
1224 2290 2189 2334 Liliencron, Fhr. v., Mittheilungen aus dem Gebiete der öf-
1305 2328 2184 2368 fentlichen Meinung in Deutschld. während der 2. Hälfte
1302 2362 2187 2404 des 16. Jahrh. gr. 4. München. Franz. (Comm ) 3 M.
1230 2400 2183 2440 Maurer, K., über den Hauptzehnt einiger nordgerman. Rechte.
1304 2437 2192 2478 gr. 4. Ebendas. (Comm.) 2,25 M.
1233 2472 2196 2514 May, J., der Kurfürſt, Cardinal und Erzbiſchof Albrecht II.
1307 2511 2193 2547 von Mainz und Magdeburg . . . und ſ. &. 2. Bd. gr. 8.
1305 2545 2186 2583 Ebendaſ. 6 M.
1224 2580 2190 2620 Meyer’s, Bernh. Ritter v., weil. Staatsſchreiber u. Tagſatzungs⸗
1311 2616 2184 2653 Geſandter des Cant. Luzern, nachmals k.k. öſterreich. Hof⸗
1307 2653 2190 2691 und Miniſterialrath . . . Erlebniſſe, hrsg. von B. Ritter
1296 2685 2183 2727 v. Meyer. 1. Bd. gr. 8. pr. 1. u. 2. Bd. 12 M.
1233 2724 2193 2766 Ranke, L. v., Geſch. der roman. u. german. Völker von 1494
1305 2761 2193 2800 bis 1514. 2. Aufl. gr. 8. Leipz. Duncker und Humblot. 10 M.
1236 2796 2190 2838 Recesse, die u. andere Acten der Hansetage von 1256—
1304 2829 2184 2869 1430. 3. Bd. 4. Ebendas. 16 M.
1233 2868 2184 2908 Salm-Salm, Princessin Felix zu, zehn Jahre später aus mei-
1308 2904 2186 2944 nem Leben 1862–1872. Mit dem Portr. der Verf. 2. u.
1301 2935 2193 2977 3. Band. Stuttg. Hallberger. à 4,50 M.
1232 2976 2193 3015 Urkundenbuch, Bremisches, hrsg. V. R. Ehmck u. W. v.
1301 3012 2187 3049 Bippen. 2. Bd. 4. Lfg. gr. 4. Bremen. Müller. 6 M.
1236 3048 2187 3088 Zeissberg, H., Johannes Laski, Erzbischof v. Gnesen (1530
1329 3085 2180 3120 —31) u. sein Testament. Lex. 8. Wien, Gerold’s Sohn.
1299 3123 2187 3160 (Comm.) 3,50 M.
