2365 3362
1182 136 1227 166 80
210 231 1164 267 muß nach den angeführten Stellen feſtgehalten werden. Ebenſo
216 264 1163 304 haben auch die Propheten des neuen Bundes, die Heiligen,
213 300 1154 339 welche vermöge ihrer Freundſchaft mit Gott am Wiſſen und
210 334 1155 376 Können Gottes theilnehmen, ihre Auctorität, ihre ganze Geltung
216 370 1164 411 und Bedeutung nur durch die Kirche, die ihren Mittelpunkt im
210 408 1160 445 Papſte hat. So werden die Briefe der Apoſtel an den Biſchof der
210 444 1167 483 betreffenden Kirche übergeben ſein. Diese Abhängigkeit jeder
204 480 1164 517 religiöſen Wirkſamkeit vom Hoheprieſter im alten, wie im neuen
216 514 1164 556 Bunde wird leider gewöhnlich ganz überſehen. Gott hat zur Regierung
216 552 1158 589 des Menſchengeſchlechtes zwei Gewalten gegründet, die weltliche
210 588 1163 625 Obrigkeit und die geiſtliche Obrigkeit. Die geiſtliche Obrigkeit
213 624 1152 664 iſt im alten wie im neuen Bunde die Thür (Joh. 10),
209 660 1151 697 durch welche Jeder eintreten muß, welcher geiſtliche Functionen
215 696 1148 733 vornehmen will; vergl. Trident. sess. XXIII. can. 7 u. can. 8.
207 732 1151 769 in Verbindung mit can. 1— can. 6. Freilich, wenn ich wie
209 766 1158 807 die Ketzer in allen Jahrhunderten die Autorität meines Biſchofs,
209 802 1149 843 welcher allein derjenige iſt, den der Papſt geſandt hat, verachte,
212 840 1154 877 ſo bleibt mir, um als Lehrer des göttlichen Wortes und Aus⸗
203 877 1149 913 ſpender der Sakramente auftreten zu können, nur noch die Be⸗
213 912 1152 951 rufung auf eine Sendung von Gott in meinem Gewiſſen übrig,
203 948 1148 985 was gegen die Sichtbarkeit und Apoſtolicität der Kirche ſpricht.
206 984 1151 1023 Wenn dann Schulte meine Darſtellung über Lamech tadelt, ſo
204 1020 1154 1057 hätte er Hebr. 9, 22. ‚ohne Blutvergießung gibt es keine Ver⸗
210 1056 1161 1093 gebung’ beachten ſollen. Hiernach muß es im Protevangelium
221 1092 1154 1129 gelegen haben, daß nur durch Blut die Schuld getilgt werden
203 1126 1151 1165 konnte. Schulte iſt unzufrieden darüber, daß ich keine Erklä⸗
194 1164 1149 1200 rung der Völkertafel Gen. 10 gegeben habe; ich hätte Knobel
203 1198 1155 1237 dafür verwerthen ſollen. Ich habe den gegenwärtigen Stand
200 1236 1149 1272 der Menſchheit nach ihren Racen angegeben und ſo die Abſtam⸗
197 1272 1145 1309 mung von Sem, Cham und Japhet ausgeführt. Das iſt das
204 1305 1152 1347 Wirkliche. Hätte ich mich auf die Hypotheſen für die Erklärung
203 1342 1157 1380 der Völkertafel einlaſſen wollen,ſo würde ich dem großen Görres
210 1378 1155 1414 gefolgt ſein. Meine Eintheilung der Geſchichte des alten Bun⸗
194 1413 1143 1449 des in ſechs Abſchnitte tadelt Schulte mit ſcharfer Rüge und
195 1449 1149 1483 bezeichnet den von mir gewählten Abſchluß des vierten Abſchnit⸗
203 1485 1152 1519 tes durch den Tod des Cyrus (529) als ‚eine bloße Laune’.
206 1521 1154 1558 Schulte will eine Eintheilung nach dem Königthum haben, nach
200 1558 1142 1596 dem Prophetenthum. nach dem Einfluſſe des Hellenismus. Ich
207 1596 1157 1630 habe die Eintheilung befolgt, welche die h. Schrift ſelbst, Daniel
194 1630 1155 1668 2, 29—44 hat. Schulte ſollte beachten, daß der A. B. vom
198 1665 1143 1704 Urſtande und Protevangelium anfängt, nicht von der Berufung
192 1701 1139 1738 Abrahams. Wird nun aber bedacht, daß Cyrus für die Iſraeli⸗
209 1738 1154 1774 ten wie für die Heiden ſeiner Zeit die höchſte Bedeutung gehabt
194 1773 1149 1809 hat, ſo wird man den Anſatz ſeines Todes als eines wichtigen
195 1807 1149 1843 Zeitabſchnittes für die Geſchichte des alten Bundes wohl nicht
200 1845 1152 1881 als, ‚eine bloße Laune’ bezeichnen wollen. Cyrus hat das Volk
203 1881 1143 1917 Gottes in ſeinem religiöſen Leben wiederhergeſtellt und ihm
200 1918 1152 1954 ein ſehr freies politisches Daſein gegeben, wie alle Perſerkönige.
204 1953 1143 1989 Cyrus hat den heidniſchen Völkern des Morgenlandes vom
194 1989 1140 2028 Indus bis nach Kleinaſien eine feſte politiſche Geſtaltung gege⸗
197 2026 1151 2061 ben und iſt daher mit Cäſar, Auguſtus und Napoleon zu ver⸗
203 2064 1146 2098 gleichen. Schulte macht ſich luſtig darüber, daß ich die Lehre
197 2100 1149 2134 des h. Thomas, nach welcher Jakob durch wirklichen Ankauf
201 2133 1143 2172 ein Recht auf die Primogenitur hatte, anführte. Er mache das
195 2169 1152 2208 mit dem großen Kirchenlehrer ſelbſt aus. Er witzelt darüber,
194 2206 1145 2245 daß ich ſchrieb, wahrſcheinlich ſei Moyſes der Erfinder der Buch⸗
209 2242 1148 2281 ſtaben⸗Schrift. Er hat nicht beachtet, daß Formen und Namen
194 2278 1149 2319 der Buchſtaben dies bezeugen und ein wichtiger Schriftſteller
200 2316 1149 2355 bei Euſebius, den ich in der Vorrede anführte. Hinſichtlich des
201 2352 1151 2392 aſſyriſchen Reiches habe ich hauptſächlich Layard berückſichtigt.
191 2388 1148 2425 Wie Schulte es tadeln kann, daß ich über Alexanders des Gro⸗
201 2422 1146 2463 ßen Leben und Wirken die herrliche Schilderung in der h.
194 2458 1151 2499 Schrift 1. Machab. 1, 1—8 anführte, begreife ich nicht. Jeder
192 2491 1142 2535 möge dieſe Stelle der h. Schrift ſelbſt leſen. Den Machtſpruch:
207 2529 1139 2571 ‚Die Anführung des Profeſſors Caſſel in Paderborn iſt gegen⸗
204 2562 1139 2605 ſtandlos’ mag Schulte für ſich behalten, wie die ‚Laune des
201 2599 1145 2641 Todes des Cyrus’. Caſſel ſchrieb 1851 eine Schrift, worin er
201 2637 1148 2674 beweiſen wollte, das Lehramt Chriſti habe nur ein Jahr ge⸗
198 2671 1143 2712 dauert. Wenn das ‚gegenſtandlos’ iſt, ſo war der h. Irenäus
201 2709 1146 2748 ein Narr, daß er dieſe Lehre der Gnoſtiker ſo heftig bekämpfte.
204 2745 1146 2784 Daſſelbe gilt von dem Machtſpruche: ‚Die Inhaltsanzeigen ſind
195 2779 1146 2820 zwar ſehr umfangreich, aber dadurch iſt das Buch um kein Haar
194 2817 1149 2854 gebeſſert.’ Dann ſind die Inhaltsanzeigen ſelbſt kein Haar
191 2851 1152 2889 werth. Denn mit dem Weſen des Buches ſelbſt haben ſie
188 2887 1140 2925 nichts zu thun. Von allen wichtigen Fragen des alten und
192 2922 1152 2961 neuen Bundes, über das Sechstagewerk, über den Urſtand, über
201 2959 1137 2997 die Einheit des Menſchengeſchlechtes, über die Dauer des Auf⸗
198 2998 1143 3033 enthaltes der Iſraeliten in Egypten, über die Bedeutung Salo⸗
201 3034 1149 3069 mon’s für ſeine Zeit und ſein Volk, über den Grund des Ab⸗
1236 237 2172 276 falles der zehn Stämme vom Hauſe David’s, über das Jahr
1233 273 2174 310 der Erbauung des zweiten Tempels, über die Perſon des
1238 310 2175 343 Ahaſchveroſch im Buche Eſther, über die Vereinigung der beiden
1232 346 2169 379 Genealogien des Herrn bei Mathäus und Lukas, über die Dauer
1229 382 2172 417 des öffentlichen Lehramtes Chriſti, über den Tag des letzten
1238 418 2175 451 Abendmahles, über das Jahr der Gründung des römiſchen Bi⸗
1238 454 2178 489 ſchofsſtuhles durch den h. Petrus, über das Jahr der Bekehrung
1232 490 2165 523 des h. Paulus, über die Zeit und Dauer der großen Miſſions⸗
1235 526 2171 561 reiſen des h. Paulus, über die Reihenfolge der 14 Briefe dieſes
1236 561 2171 595 Apoſtels und über ſo viele andere Punkte, in denen ich eine
1226 598 2180 631 beſtimmte Anſicht entwickelt habe, hat Schulte auch kein ein⸗
1236 634 2171 670 ziges Wort: Ich erinnere mich ſeit langer Zeit nicht eine in
1235 670 2168 706 ſich ſo gehaltloſe und oberflächliche Recenſion geleſen zu haben.
1217 703 2171 742 Möge Schulte recht bald ſeinen Lehrſtuhl auf den öffentlichen
1227 741 2174 775 Markt hinaustragen und uns ein opus omnibus numeris ab-
1226 777 1446 810 solutum liefern.
1331 813 1805 847 Münſter, den 7. März 1875.
1718 858 2072 889 Prof. Dr. Friedhoff.
1325 915 2172 949 Von dem Verfaſſer der bei R. F. Hergt in Coblenz er⸗
1229 951 1493 985 ſchienenen Schrift:
1340 1008 2058 1039 Durch die Schale zum Kern,
1320 1068 2079 1102 Von den Schatten zum Licht,
1226 1113 2163 1146 welche namentlich in den Hiſtoriſch⸗politiſchen Blättern (B. 73
1221 1149 2172 1182 H. 12), der Köln. Volkszeitung (253 de 73), der Augsburger
1229 1185 2169 1219 Poſtzeitung (Beilage v. 17. Oct. 74) mit beſonderer Auszeich⸗
1215 1221 2165 1255 nung beſprochen wurde, iſt ebenfalls in jenem Verlag erſchienen:
1574 1332 1839 1366 Ruth.
1452 1414 1946 1447 Nach der heiligen Schrift.
1289 1465 2099 1504 Ein Verſuch tieferer Betrachtung unter
1383 1515 2015 1549 Anlehnung an große Ausleger.
1445 1561 1937 1597 Mit kirchlicher Erlaubniß.
1583 1602 1814 1633 Preis: 1 Mark.
1329 1647 2166 1678 Nach einer freundlichen Mittheilung findet die dem Hrn.
1224 1680 2166 1714 Bischof von Ermland gewidmete Schrift in dem Commentar des
1220 1716 2166 1747 Cardinals Hugo von St. Caro, welcher nicht benutzt werden
1223 1752 2160 1785 konnte, noch eine bedeutende Stütze. Sehr Erhebliches in dieſer
1217 1786 2157 1819 Beziehung findet ſich auch in dem ‚unvollendeten Werk’
1224 1822 2172 1855 zu Matthäus, ſodann bei Hugo von St. Victor und in
1214 1858 2124 1893 einzelnen Autos von Calderon, den Aehren der Ruth etc.
1331 1921 2175 1957 In der Herder’ſchen Verlagshandlung in Freiburg iſt
1223 1959 2034 1996 erſchienen und durch alle Buchhandlungen zu beziehen:
1266 2023 2109 2065 Handbuch der allgemeinen Religionswiſſenſchaft.
1224 2074 2169 2112 Für Studirende und ſtudirte Gebildete. Von Dr. theol. P. Hake.
1218 2112 2163 2149 Mit Approbation des hochw. Capitelsvicariats Freiburg. Erſter
1223 2151 1830 2185 Theil. gr. 8⁰. (VII u. 216 S.) 2 Mark.
1323 2209 2160 2250 In der Herder’ſchen Verlagshandlung in Freiburg
1212 2248 2169 2284 erſcheint in zweiter, vom Verfaſſer ſelbst durchgeſehener Auf⸗
1223 2283 2051 2322 lage und iſt durch alle Buchhandlungen zu beziehen die
1224 2322 2160 2387 Conciliengeſchichte. Nach den Quellen bearbeitet
1731 2357 2172 2392 von Carl Joſeph von Hefele,
1212 2392 2163 2428 der Philoſophie und Theologie Doctor, Biſchof von Rottenburg.
1215 2428 2168 2463 Erſter Band. gr. 8⁰. (X u. 844 S.) 9.60 Mark. Zweiter
1212 2466 2175 2499 Band. gr. 8⁰. (XI u. 963 S.) 10.40 Mark. — Der dritte bis
1217 2503 2066 2536 ſiebente Band erſcheinen nacheinander in zweiter Auflage.
1319 2536 2166 2572 Der Herr Verfaſſer ſagt im Vorwort zum erſten Band:
1223 2574 2172 2610 „Es ſind jetzt gerade achtzehn Jahre verfloſſen, ſeit der erſte
1214 2608 2166 2644 Band dieſer Conciliengeſchichte in erſter Auflage an’s Licht
1211 2643 2165 2680 trat. . . . Plan, Anlage und Charakter des Ganzen ſind übri⸗
1226 2677 2171 2718 gens die gleichen geblieben, und ich war im Unterſchied von der
1226 2716 2159 2754 frühern ſo zu ſagen atomiſtiſchen Manier in Behandlung der
1220 2751 2159 2789 Conciliengeſchichte bemüht, jede bedeutendere Synode als Glied
1214 2788 2159 2824 der ganzen kirchenhiſtoriſchen Entwicklung darzuſtellen und da⸗
1205 2824 2163 2860 mit ihr wahres Verſtändniß zu vermitteln. So iſt dieſe Con⸗
1221 2863 2162 2898 ciliengeſchichte vielfach nahezu eine Kirchen⸗ und Dogmengeſchichte
1226 2899 2166 2932 geworden, was ihr wohl nicht zum Nachtheile gereichen wird.
1211 2935 2165 2968 Wie bei der erſten Auflage, ſo habe ich auch jetzt vor Allem
1217 2971 2165 3007 darnach getrachtet, ohne vorgefaßte Meinung überall ruhig die
1211 3007 2162 3045 Quellen zu befragen und das darzulegen, was eine gewiſſenhafte
1214 3043 1973 3078 Forſchung in denſelben an Reſultaten ergeben hat.”
385 3091 1990 3155 Verantwortlicher Redacteur Joſeph Köhler in Paderborn. — Druck von Franz Joſ. Urlichs in Aachen.
