2364 3351
1131 123 1191 154 256
189 224 1116 259 — Urkunden des X. u. der erſten Hälfte des XI. Jahrh. aus
237 261 1107 295 dem Bisthum Freiſing. gr. 8. Ebendaſ. (Comm.) 1. 20
170 298 1119 333 — Die Urkunden des Bisthums Freising aus der Zeit der
237 334 1119 366 Karolinger. Nachträge, Erörterungen, Berichtigungen.
227 369 1122 405 gr. 4. Ebendas. (Comm.) 2. —
156 405 1122 438 Jacobs, E., Urkundenbuch des in der Grafschaft Wernige-
233 441 1115 474 rode belegenen Klosters Ilsenburg. 1. Hälfte: Die Ur-
234 477 1122 510 kunden vom Jahre 1003–1460. gr. 8. Halle. Waisenhaus.
1046 514 1100 545 6. —
158 549 1106 583 Kramer, G., Carl Ritter. Ein Lebensbild nach ſeinem hand⸗
225 583 1119 621 ſchriftlichen Nachlaß dargeſtellt. 2. Aufl. 2 Bde. gr. 8.
234 621 1121 655 Ebendaſ.9 Mark. geb. 12. —
158 658 1119 691 Peter, C., römische Geschichte in kürzerer Fassung. gr. 8.
240 692 1125 727 Ebendas. 7. 50 Mark. geb. 9. —
164 730 1119 763 Prutz, H., Aus Phönizien. Geograph. Skizzen u. hiſtor. Stu⸗
233 765 1100 799 dien. gr. 8. Leipzig. Brockhaus. 8. —
167 802 1119 834 Regesten zur schlesischen Gesch., hrsg. von C. Grün-
227 837 1101 871 hagen. gr. 4. Breslau. Max. 7. —
164 874 1115 907 Scheffer-Boichorst, P., die Chronik des Dino Compagni.
227 910 1110 945 Kritik der Hegel’schen Schrift ‚Versuch einer Rettung’.
228 948 1103 979 gr. 8. Leipzig. Hirzel. 3. —
162 981 1124 1015 Schmoller, G., Strassburg zur Zeit der Zunftkämpfe u. die
236 1018 1109 1054 Reform sr. Verfassung u. Verwaltg. im 15. Jahrh. gr. 8.
231 1053 1113 1087 Strassburg. Trübner. 3. —
161 1090 1113 1126 Wattenbach, W., das Schriftwesen im Mittelalter. 2. Aufl.
221 1128 1107 1162 gr. 8. Leipzig. Hirzel. 11. —
350 1205 929 1242 Geographie. Reiſen. Karten.
168 1258 1122 1299 Hellwald, F. v., Hinterindiſche Länder u. Völker. gr. 8. Berlin.
230 1293 1116 1333 Spamer. 6 Mark. geb. 7. 50
159 1330 1107 1369 Hübner, A., v., ein Spaziergang um die Welt. 3. Aufl. 3 Bde.
227 1363 1113 1401 8. Leipzig. Weigel. 7. 50
161 1401 1107 1437 Kohn, A. u. R. Andree, Sibirien u. das Amurgebiet. 2 Bde.
230 1435 1122 1473 Berlin. Spamer. 9 Mark. geb. 11. —
159 1474 1106 1507 Löher, F. v. griech. Küſtenfahrten. gr. 16. Bielefeld. Velhagen
231 1509 1103 1543 u. Klaſing. 5. —
164 1546 1110 1579 Müller, A., Wandkarte von Frankreich. Photolithographie
227 1584 1109 1618 nach e. Relief. 12. Blatt. gr. Fol. Weimar. Photolithogr.
231 1620 984 1656 Instistut. 9 M; auf Leinwand in Mappe 16 M.;
605 1659 1109 1690 anf Leinwand mit Stäben 16. 50
180 1688 1106 1726 — Wandkarte von Grossbrittannien und Irland. Photolitho-
231 1726 1110 1761 graphie nach e. Relief. 9 BI. gr. Fol. Ebendas. 8 M.;
228 1761 777 1794 auf Leinwand in Mappe 18. 50 M.;
602 1793 1100 1828 auf Leinwand mit Stäben 14. —
156 1831 1116 1866 Noé, H., Winter u. Sommer in Tirol. gr. 8. Wien. Wald⸗
239 1866 1110 1903 heim. geb. 8. 40
155 1902 1109 1939 Rohlfs, G., drei Monate in der libyschen Wüste. 4–6.
225 1938 1103 1975 (Schluss-) Lieferung. gr. 8. Cassel. Fischer. à 3. —
503 2021 776 2053 Kunſtgeſchichte.
162 2076 1107 2113 Bucher, B., Geschichte der technischen Künste. 1. Bd. gr. 8.
240 2112 1128 2146 Stuttgart. Spemann. 16. —
155 2149 1127 2185 Reber, F., Gesch. der neueren deutschen Kunst. 5. (Schluss-)
227 2188 1113 2224 Lfg. gr. 8. Stuttg. Meyer u. Zeller. 4. 80
1187 231 2148 267 Riegel, H., Geſch. der deutſchen Kunſt ſeit Carſtens u. Gottfr.
1262 267 2130 301 Schadow. 4. Heft. gr. 8. Hannover. Rümpler. 2. —
1199 299 2139 334 — Geſch. des Wiederauflebens der deutſchen Kunſt zu Ende
1259 339 2139 372 des 18. u. zu Anfang des 19. Jahrh. gr. 8. Ebendaſelbſt.
2070 374 2135 408 8. —
1271 504 2058 538 Verlag von Wilhelm Hertz in Berlin N. W.
1346 546 1985 580 (Beffer’ſche Buchhandlung, 10 Marienſtr.)
1271 602 2063 639 Hermann Reuter, Geſchichte der religiöſen
1313 650 2058 684 Aufklärung im Mittelalter. In zwei Bänden.
1326 692 1787 727 Erſter Band. eleg. geb. 7 M.
1277 739 2054 772 Heinrich Heppe, Geſchichte der quietiſtiſchen
1310 783 2060 820 Myſtik in der katholiſchen Kirche eleg.
1322 830 1466 864 geb. 9 M.
1343 879 2066 910 Reuter’s Werk ſtellt zuerſt aus mittelalter⸗
1271 915 2057 946 lichen Quellenſtudien dar, daß die Aufklärung im
1274 951 2063 982 Mittelalter größere Dimenſionen, als bisher angenom⸗
1277 987 2057 1018 men, gehabt, und füllt eine Lücke in der bisherigen
1265 1023 2066 1054 theologiſchen Dogmengeſchichte, der Geſchichte der Phi⸗
1268 1059 2066 1090 loſophie und der allgemeinen Culturgeſchichte in einer
1271 1095 2060 1126 Darſtellung, welche auch das gebildete Publikum feſ⸗
1265 1127 2057 1162 ſeln wird, aus. — Heppe’s Werk führt zum erſten
1290 1164 2067 1195 Male einen bisher nur in einzelnen Fragmenten be⸗
1278 1200 2070 1234 kannten, großartigen dreihundertjährigen hiſtoriſchen
1281 1237 2058 1267 Verlauf in ſeinem Verhältniſſe zur Allgemein. Ge⸗
1271 1273 2058 1305 ſchichte, Kirchen⸗ und Culturgeſchichte vor. Für den
1274 1309 2055 1342 gegenwärtigen Culturkampf von Bedeutung, gewährt
1274 1345 2058 1377 es ganz neue Geſichtspunkte. Das Leben und Wirken
1271 1378 2066 1411 der Frau v. Guyon tritt lebendig hervor und nimmt
1272 1413 2058 1446 die Theilnahme der Geſchichtsforſcher und der Freunde
1259 1447 2060 1483 der geſchichtlichen und biographiſchen Literatur in An⸗
1269 1485 1359 1515 ſpruch.
1296 1605 2148 1638 In unſerem Verlage erſchien ſoeben in dritter ſehr ver⸗
1187 1642 2109 1677 mehrter Auflage und iſt in allen Buchhandlungen zu haben:
1307 1725 2046 1765 Leſebuch und Schule.
1638 1782 1698 1813 Von
1356 1830 1959 1866 F. X. Schulte, Pfarrer in Erwitte.
1407 1887 1926 1926 Preis: broſch. 3 Sgr. = 30 Pfg.
1299 1941 2138 1984 Der erſte Theil unterzieht das neue weſtfäliſche Leſebuch
1191 1977 2145 2020 einer vernichtenden Kritik in anſtändigſter Form. Der zweite
1197 2013 2142 2056 Theil beſpricht die Schulfrage im Zuſammenhang unter
1196 2050 2136 2092 folgenden Nummern: 1) Unſere Rechte. 2) Unſere Klagen. 3)
1190 2086 2142 2130 Unſere Forderungen. Das Schriftchen verdient grade jetzt die
1193 2124 1490 2158 weiteſte Verbreitung.
1301 2177 2096 2221 Eſſen. Fredebeul & Koenen.
770 2321 1530 2361 „Literariſche Rundſchau.”
287 2387 2103 2431 Die ‚Literariſche Rundſchau’ tritt mit dem 1. Jannar 1876 ihren zweiten Jahrgang an. Sie nimmt,
179 2435 2108 2479 wie wir hoffen dürfen, die Anerkennung und das Vertrauen ihrer Leſer in das beginnende Jahr mit hinüber. Durch
182 2480 2117 2523 eine große Anzahl der tüchtigſten Fachmänner und Schriftſteller (von denen viele in der ‚Rundſchau’ bis dahin
188 2525 2114 2568 noch nicht aufgetreten ſind) unterſtützt, ſind wir in der Lage, für den nächſten Jahrgang einen Inhalt in Ausſicht
185 2570 2114 2611 zu ſtellen, welcher durch Reichhaltigkeit, Mannigfaltigkeit und Gediegenheit überraſchen wird. Den Literaturfächern,
182 2613 2114 2658 welchen wir bisher beſondere Aufmerkſamkeit ſchenkten, werden ſich im neuen Jahre die Naturwiſſenſchaft und
189 2655 645 2694 Rechtswiſſenſchaft anreihen.
293 2705 2109 2746 Einrichtung, Preis und Erſcheinungsweiſe bleiben unverändert. Im Buchhandel koſtet das Semeſter (8 Num⸗
182 2742 1763 2796 mern à 32 Spalten) drei Mark. Die Poſt nimmt nur ganzjährige Abonnements zu 6 Mark an.
296 2795 2109 2835 Wir wenden uns an die Freunde und Gönner unſeres Blattes mit der ergebenſten Bitte, ſich für die Ver⸗
189 2829 1035 2875 breitung deſſelben thatkräftig intereſſiren zu wollen.
833 2897 1466 2938 Paderborn und Aachen, den 31. Dec. 1875.
339 2943 629 2986 Die Redaction:
384 2993 606 3031 Joſeph Köhler.
1521 2957 1962 2988 Die Verlagshandlung:
1632 3002 1848 3034 Rudolf Barth.
348 3092 1944 3141 Verantwortlicher Redacteur Joſeph Köhler in Paderborn. — Druck von Franz Joſ. Urlichs in Aachen.
