2365 3362
1173 73 1221 223 78
578 261 791 295 Pädagogik.
209 298 1149 331 Schwarz, B., Jakob Wimpheling, der Altvater des deutſchen
275 334 1110 366 Schulweſens. gr. 8. Gotha. F. A Perthes. 3. —
197 370 1152 403 Menzel, R., Wandtafeln für den physikal. Unterricht. 5. Lfg.
284 408 1106 441 qu. Fol. Breslau. Morgenstern. 8 Mark. cplt. 18. —
521 459 851 492 Naturwiſſenſchaft.
204 502 1152 537 Bronn’s Klassen u. Ordnungen des Thierrreichs, wissennsch.
275 540 1154 574 dargest. in Wort u. Bild. 6. Bd. 5. Abth. Säugethiere.
278 574 1149 615 Fortges. von C. G. Giebel. 6. u. 7. Lfg. gr. 8. Leipzig.
275 610 1143 646 Winter. 1. 50
198 648 1151 682 Dammer, O., kurzgefasstes chem. Handwörterbuch. 11. Lfg.
273 684 1143 718 gr. 8. Berlin. Oppenheim. 1. 20.
197 718 1145 756 Fittig, R., Grundriss der unorg. Chemie. 2. Aufl. gr. 8.
276 756 1149 790 Leipzig. Duncker u. Humblot. 7. 20
197 790 1155 826 Garcke, A., Flora von Nord- u. Mitteldeutschld. 12. Aufl.
263 829 1149 862 8. Berlin. Wiegandt, Hempel u. Parey. 3. 50
198 864 1143 900 Gorup-Besanez, E. F. v., Lehrbuch der physiolog. Chemie.
270 901 1146 939 8. Aufl. 2. Lfg. (Schluss.) gr. 8. Braunschweig. Vieweg.
1058 937 1106 970 15. —
204 970 1143 1008 Hallier, E., Deutschlands Flora. 9. Aufl. 96—100. Lfg. hoch 4.
263 1009 1107 1042 Leipz. Baensch. à 1. —
198 1044 1142 1078 Martini u. Chemnitz, systematisches Conchylien-Cabinet.
275 1080 1146 1116 Hrsg. v. H. C. Küster. 234. Lfg. gr. 4. Nürnberg.
266 1114 1104 1150 Bauer u. Raspe. 9. —
191 1152 1158 1185 Mohn, H., Grundzüge der Meteorologie. Die Lehre vom Wind
270 1188 1104 1222 und Wetter. gr. 8. Berlin. D. Reimer. geb. 6. —
195 1224 1142 1258 Ramann, G., die Schmetterlinge Deutschlands und der an-
269 1261 1139 1296 grenzenden Länder. 31. u. 32. Lfg. gr. 4. Berlin. Schotte.
1074 1302 1149 1333 2. 75
192 1332 1151 1366 Schorr, F., der Venusmond und die Untersuchungen über die
260 1366 1140 1402 früheren Beobachtungen dieses Mondes. gr. 8. Braun-
272 1402 1104 1438 schweig. Vieweg. 5. —
353 1453 999 1488 Geſchichte. Biographie. Memoiren.
194 1494 1152 1527 Arneth, A. Ritter v., Maria Thereſia u, der ſiebenjährige Krieg.
257 1528 1149 1564 2 Bde. gr. 8. Wien. Braumüller ?. ?
192 1566 1149 1597 Aus den Papieren des Ministers u. Burggrafen von Marien-
269 1603 1155 1636 burg Theodor v. Schön. 1. Thl. gr. 8. Halle. Lippert.
1071 1641 1089 1671 10. —
201 1674 1149 1708 Busolt, G., der zweite athen. Bund und die auf der Auto-
264 1710 1152 1744 nomie beruhende hellen. Politik. gr. 8. Leipz. Teubner.
1086 1747 1152 1780 5. 60
192 1782 1152 1813 Doehler, E., das Zeitalter des Perikles. Nach M. E. Filleul
266 1818 1098 1849 deutſch bearb. 2. Bd. 8. Leipzig. Teubner. 6. —
191 1854 1145 1887 Führich, Joſ., Ritter v., Lebensſkizze. gr. 8. Wien. Sartori.
263 1888 1146 1924 1. 80 Mark, mit Photographie 2. 40
182 1926 1149 1957 Kühne, B., P. Gall Morell. Ein Mönchsleben aus dem 19.
260 1959 1119 1996 Jahrh. gr. 8. Einſiedeln. Benziger. 4. —
192 1998 1143 2032 Meyer’s, Bernh. Ritter v., Erlebniſſe. 2. Bd. Wien. Sartori.
794 2035 1097 2070 pr. 1. u. 2. Bd. 12. —
188 2071 1140 2104 Monumenta boica. Vol. 42. 4. München. Franz. (Comm.)
1079 2109 1142 2139 4. 60
203 2142 1142 2176 Quellen zur Gesch. der Stadt KöIn, 5. Bd. Herausg. v. Dr.
275 2178 1097 2212 Leonard Ennen. Köln. Du Mont-Schauberg. geb. 17. —
195 2215 1139 2251 Rauke’s, L. v., ſämmtliche Werke. 14. u. 15. Bd. gr. 8. Leip⸗
266 2251 1106 2287 zig. Duncker u. Humblot. à 5. —
201 2287 1140 2322 Salm⸗Salm, Prinzeſſin F. zu, zehn Jahre aus meinem Leben,
275 2322 1107 2359 1862–1872. 2. u. 3. Bd. 8. Stuttg. Hallberger. 9. —
194 2359 1140 2397 Urkundenbuch der Stadt Lübeck. 5. Thl. 1. Lfg. gr. 4
267 2397 1101 2430 Lübeck. Grautoff. 3. —
515 2448 834 2481 Rechtswiſſenſchaft.
191 2485 1133 2521 Ergänzungen und Erläuterungen der preuß. Rechtsbücher durch
264 2520 1139 2560 Geſetzgebung u. Wiſſenſchaft. 6. Aufl. Neu bearb. von L.
282 2556 1115 2592 v. Rönne. 2. Bd. 7. Lfg. gr. 4. Berlin. Decker. 4. —
194 2590 1145 2629 Geſetzgebung, die, des deutſchen Reiches mit Erläuterungen.
267 2626 1136 2665 Hrsg. v. E. Bezold. 1. Th. Bürgerl. Recht. 1. Bd. 1.
275 2665 1139 2701 Heft. gr. 8. Erlangen. Palm u. Enke. 2. 80.
186 2701 1140 2736 Hoyer, die preuß. Stempelgeſetzgebung für die alten u. neuen
264 2736 1146 2775 Landestheile. 3. Aufl. 3. Lfg. gr. 8. Berlin. Guttentag.
1071 2773 1104 2809 4. —
192 2808 1145 2848 Koch, C. F., allg. Landrecht für die preuß. Staaten. 5. Ausg.
269 2844 1119 2881 3. Bb. 1. Hälfte. gr. 8. Berlin. Guttentag. 8. —
198 2880 1142 2916 Koller, A., allg. deutsches Handelsgesetzbuch. 2. Aufl. gr. 8.
275 2914 1149 2953 Berlin. Kortkampf. geb. 4. 20
198 2950 1143 2988 Meisner, J., Noch ein Wort in letzter Stunde über den Ent⸗
267 2986 1149 3025 wurf einer Civil⸗Proceß⸗Ordnung für das deutſche Reich.
266 3022 1149 3058 gr. 8. Ebend 2. 40
185 3060 1148 3097 Pfordten, L. Frhr. v. der, Studien zu Kaiſer Ludwigs ober⸗
263 3097 1149 3135 bayeriſchem Stadt⸗ und Landrechte. gr. 8. München. Kaiſer.
1074 3136 1104 3166 8. —
1224 255 2162 286 Schmidt, J., Lehrbuch des preuß. Rechts und Proceſſes mit
1298 291 2166 322 Rückſ. auf die Reichsgeſetzgebung, das gemeine Recht und
1301 327 2163 360 den gemeinrechtlichen Proceß. 1. Bd. 1. Lfg. gr. 8. Bres⸗
1292 357 2156 394 lau. Maruſchke u. Behrendt. 3. —
1223 397 2172 430 Schmoller, G., über einige Grundfragen des Rechts und der
1305 432 2169 466 Volkswirthschaft. gr. 8. Jena. Manke. 2. 40
1221 469 2171 502 Schulze, W. N., die reichsrechtliche Literatur seit Entste-
1298 505 2172 541 hung des norddeutschen Bundes 1867–1874. 8. Leipzig.
1299 540 2169 574 Stauffer. cart. 1. 50
1221 579 2178 612 Sicherer, H. v., über Eherecht und Ehegerichtsbarkeit in
1286 615 1793 648 Bayern. gr. 8. München. Kaiser. 2. —
1440 703 1971 736 Geographie. Reiſen. Karten.
1218 768 2169 804 Delitzsch, O., Schulwandkarte des Königreiches Sachsen.
1287 802 2166 840 6 Blatt. Chromolith. gr. Fol. Auf Leinw. mit Stäben.
2082 843 2145 874 21. —
1211 877 2163 910 Italien. Eine Wanderung von den Alpen bis zum Aetna. In
1292 913 2174 946 Schilderungen von K. Stieler, E. Paulus, W. Ka⸗
1290 948 2108 982 den. 11. und 12. Lfg. Fol. Stuttgart. Engelhorn. à 2. —
1215 985 2163 1018 Leeder, E., Wandkarte von Europa. 3. Aufl. 9 Blatt. Chromo⸗
1286 1023 2175 1056 lith. gr. Fol. Eſſen. Bädeker. 5 Mark, aufgezogen in Mappe
2091 1059 2154 1089 12. —
1217 1092 2169 1123 Letzte Reise David Livingstone’s in Central-Africa. Auf-
1290 1128 2169 1159 zeichnungen von 1865 bis zu seinem Tode im Febr. 1873.
1302 1162 2175 1195 1. Halbband. Hamburg. Hoffmann und Campe 5. —
1215 1201 2171 1234 Semper, Reiſen im Archipel der Philippinen. 2. Thl. Wiſſenſch.
1289 1237 2175 1270 Reſultate. 2. Bd. Malacologiſche Unterſuchungen von R.
1290 1272 2172 1306 Bergh. 8. Heft. gr. 4. Wiesbaden. Kreidel. 17. 40
1220 1309 2163 1342 Zittel, K. A., Briefe aus der libyſchen Wüſte. 8. München
1287 1345 2166 1381 Oldenbourg. 2. 40
1491 1416 1899 1447 Kunſt. Kunſtgeſchichte.
1217 1476 2163 1512 Bühlmann, die Architektur des elass. Alterthums und der
1295 1512 2169 1546 Renaissance. 2. Abth. 2. Heft. Thüren und Fenster. Fol.
1286 1546 2133 1582 Stuttg. Ebner u. Seubert. 6. —
1223 1587 2160 1620 Denkmäler der Kunst zur Uebersicht ihres Entwicklungs-
1290 1624 2172 1657 ganges. 3. Aufl. bearbeitet von W. Lübke und C. v.
1290 1662 2163 1693 Lützow. 5. —7. Lfg. qu. Fol. Stuttg. Ebner u. Seubert.
2073 1684 2191 1733 4. —
1211 1732 2166 1764 Köſtlin, H. A., Geſch. der Muſik im Umriß. gr. 8. Tübingen.
1286 1765 2178 1799 Laupp. 5. —
1212 1800 2168 1840 Overbeck, J., Atlas der griech. Kunstmythologie. 3. Lfg.
1292 1834 2123 1870 Poseidon. gr. Fol. In Mappe. Leipzig. Engelmann. 28. —
1221 1869 2168 1906 Overbeck, J., griech. Kunstmythologie. Besonderer Thl.
1278 1906 2154 1944 2. Bd. 2. Thl. 3. Buch. Poseidon. Lex. 8 11. —
1218 1944 2169 1980 Renaissance, italienische. 1. Ser. 1. Heft. (Das Kirchenk-
1287 1981 2172 2016 gestühl der Kirche San Severino in Neapel. Von A. W.
1290 2016 2166 2053 Cordes n. E. Giesenberg.) Fol. Leipzig. Seemann.
2094 2056 2163 2089 2. 25
1220 2089 2160 2125 Sammlung mittelalterl. Kunſtſchätze Hildesheims, nach den Ori⸗
1305 2124 2162 2161 ginalen photographirt von Bödeker. I. Serie. 12 Blatt.
1289 2160 2174 2197 Hildesheim. Lax. Cab.format 9 Mark, Viſitenkartenformat
2100 2200 2163 2230 4. 80
1218 2235 2169 2269 Thomas v. Kempen, 4 Bücher von der Nachfolge Chriſti.
1296 2268 2172 2305 Görres’ Ueberſetzung. Mit Orig⸗Zeichnungen von F. Rit⸗
1296 2305 2169 2341 ter v. Führich. 2. Aufl. gr. 4. Leipzig. Dürr. 20 Mark,
1289 2343 2157 2377 geb. in Leinw. 24 M., in Leder 30. —
1232 2376 2168 2413 Vie, la, de la Sainte Vierge Marie en vingt gravures sur
1289 2413 2163 2448 bois par Albert Durer. Nuremberg. Anno 1511. Dé-
1284 2449 2159 2484 crite en vers latins par Chelidonius. Réproduction, pro-
1287 2485 2169 2520 cédé de P. W. van de Weijer, avec une introduction
1284 2524 2126 2557 de Ch. Ruelens. Fol. Utrecht. v. d. Weijer. 18. —
1520 2604 1863 2638 Literaturgeſchichte.
1220 2668 2166 2703 Briefe von Goethe an Johanna Fahlmer. Hrsg. von L. Ur⸗
1302 2706 1721 2739 lichs. gr. 8. Leipzig. Hirzel. 4.—
1205 2740 2160 2775 Forſter, J., Charles Dickens’ Leben. In deutſcher Uebertra⸗
1293 2776 2166 2811 gung von F. Althaus. 3. Bd. 1850—70. gr. 8. Berlin.
1293 2812 2174 2845 Decker. 10. 50
1206 2848 2171 2884 Frieſen, H. Frhr. v., Will. Shakſpeare’s Dramen vom Beginn
1299 2884 2124 2919 ſeiner Laufbahn bis 1601. gr. 8. Wien. Braumüller. 8. —
1221 2920 2171 2956 Schiller’s Briefwechſel mit ſeiner Schweſter Chriſtophine und
1298 2959 2165 2995 ſeinem Schwager Reinwald, hrsg. v. Wend. Frhr. v.
1296 2992 2170 3030 Maltzan. gr. 8. Leipzig. Veit. 8. —
1211 3030 2162 3067 Stahr, A., Goethe’s Frauengeſtalten. 5. Aufl. 8. Verlin. Gut⸗
1287 3066 1365 3100 tentag. 6. —
1220 3103 2168 3141 Werder, K., Vorleſungen über Shakſpeare’s Hamlet. Berlin.
1274 3141 2171 3175 Hertz. 4. 60
