2318 3383
1023 105 1247 184 2
143 215 1112 262 am 11. Febr. 1863 und durch die angefügten literar⸗hiſto⸗
143 261 1103 307 riſchen Beilagen beſonders werthvoll (Bonn 1863), und
140 301 1098 354 das Gedächtnißblatt, das Franz Pfeiffer auf ſein Grab
146 350 1095 399 niedergelegt hat (Wien 1862). Reicher wird die Darſtellung
134 393 1103 451 bei dem berühmten Aeſthetiker F. Th. Viſcher in ſeinen
141 438 1099 493 ‚Kritiſchen Gängen‘ (4. Heft S. 97–169). Er, der ſtrenge
138 482 1092 534 Kunſtrichter, faßt das Ganze dieſer Perſönlichkeit in Einem
144 527 1092 577 Satze zuſammen: ‚Wo in Uhland’s Weſen eine Lücke iſt
144 572 1094 624 auf einer beſtimmten Seite, da ſehen wir immer von an⸗
141 615 1096 673 derer Seite eine geſunde Kraft ergänzend, entſchädigend
138 660 1089 714 eintreten. Dies gibt dem geiſtigen Bilde des Mannes die
143 708 1091 759 ihm eigene Rundheit und Ganzheit.‘ Zum Schluß aber faßt
129 750 1088 805 er, von der Reflexion abgehend, das Weſen eines Heine
135 795 1092 854 und eines Uhland in ein Bildchen zuſammen, das ich, weil
129 842 1099 899 es doch wohl nicht ſehr bekannt geworden iſt, hier ein⸗
132 887 296 922 rücken will.
220 926 1084 986 ‚Die Muſen hatten einmal den ſonderbaren, befrem⸗
128 978 1082 1030 denden Einfall, ſich zu betrinken. Er wurde in einem rau⸗
128 1023 1079 1075 ſchenden Bacchanal ausgeführt. Euterpe, die Muſe der
119 1067 1079 1119 lyriſchen Dichtkunſt — ein andermal hat auch Terpſichore
119 1112 1089 1165 dieſes Amt neben dem der edlen Tanzkunſt—nun, Euterpe
122 1158 1084 1209 wußte in dem Augenblick, wo wir nach ihr ſehen, wohl
126 1202 1074 1252 kaum noch, wie ſie eigentlich heiße, — ſie ſtürzt mit flam⸗
113 1247 1076 1300 menden Augen und ſauſenden Locken aus dem Haine am
114 1293 1090 1343 Helikon, wo ihre Schweſtern noch ſangen, tanzten, muſicir⸗
117 1338 1080 1385 ten und jubelten; der Rauſch hat ihr einen verrückten Ge⸗
116 1382 1073 1429 danken eingegeben: ſie hat ſich in den Kopf geſetzt, den
113 1424 1077 1477 Erſten, der ihr begegne, wer es auch ſei, auf die Stirne zu
116 1470 1062 1518 küſſen und ihm hiermit das Siegel ihrer Weihe aufzudrücken.
117 1514 1067 1561 Götter und Göttinnen, Genien und vollends betrunkene können
102 1559 1080 1613 mit Blitzeseile durch die Luft ſchießen. Blind, ohne Wahl
104 1606 1061 1657 der Richtung fährt Euterpe dahin, ſchon befindet ſie ſich
108 1650 1067 1696 weit, weit weg vom Bereich der griechiſchen Lüfte, über
108 1692 1074 1745 nebligem Land fern im Norden ſchwebt ſie, nahe einer großen
111 1736 1059 1782 Stadt am Ufer der Elbe. Jetzt läßt ſie ſich nieder aus der
111 1782 1081 1833 Höhe, ſie ſteht auf der Erde, hart vor einem jungen Schlin⸗
102 1828 1053 1872 gel, der mit üppig zwinkernden Augen, ſchlendernden Gangs
102 1872 1059 1918 eben aus der Stadt gebummelt kommt. Sie drückt ihm einen
96 1916 1026 1963 vollen feurigen Kuß auf die Stirne und ſchwebt hinweg.
192 1953 1065 2008 Des andern Morgens finden wir ſie auf einer Felſen⸗
101 2007 1052 2053 ſpitze im Parnaß, dort bei Delphi in der Schlucht, wo die
92 2052 1047 2100 kaſtaliſche Quelle rinnt. Sie ſtiert mit wildem Blick vor ſich
89 2097 1050 2145 hin, ſie iſt zu ſich gekommen und mit Entſetzen. Es bedurfte
98 2142 1049 2190 nicht der magiſchen Einwirkung der unter ihr rinnenden
90 2186 1043 2236 prophetiſchen Quelle, noch der myſtiſchen Dämpfe, die dem
86 2231 1040 2281 Erdſchlund im nahen Tempel entſtrömen, um ihr zu ſagen,
90 2274 1049 2326 wer es war, den ſie geküßt; der himmliſche Geiſt, der ihr
90 2318 1035 2370 als Muſe innewohnte, ſagte es ihr von ſelbſt. Aber der
87 2360 1046 2416 Kuß galt, er ſaß und er galt. Mit Einem weiten Blick
90 2405 1032 2460 überſah ſie, was ſie gethan. Sie ſah, wie nun die reine
84 2451 1040 2506 blaue Flammenzunge des Götterlichts zwiſchen Schmutz und
84 2497 1041 2548 gemeinem Erdenfeuer unbegreiflich hervorleuchten werde,
90 2540 1044 2595 ſtets entweiht und ſtets wieder entzückend. Nicht daß dieſer
93 2585 1026 2638 Menſch in der Verzweiflung ſcherzen, im Scherz verzwei⸗
83 2631 1032 2683 feln, nicht daß er dämoniſch lachen zugleich und weinen
87 2675 1026 2728 werde, nicht an ſich beklagte ſie das; ſo lange nur die Ver⸗
75 2720 1029 2775 zweiflung wahr, die Thräne echt, der Widerſpruch erlebt,
81 2765 1023 2820 ließ ſie es gelten; ſie begriff, obwohl eine Griechin, die
77 2810 1032 2865 veränderten Zeiten, die tieferen Seelenklüfte einer Menſch⸗
83 2853 1029 2910 heit von ſo viel verwickelterer Bildung, den ungleich wilderen
71 2897 1026 2955 Stoß des Ideals auf die Realität. Aber daß dies zur eiteln
71 2943 1032 3000 Fratze werden, daß der verwöhnte Junge die leichten
77 2989 1029 3045 Triumphe haſchen werde, die dem in die Hand fallen, der
71 3033 1019 3090 in die Poeſie die Parodie der Poeſie einzuführen die wohl⸗
71 3081 1022 3138 feile Frechheit hat, daß er wunderbare Sehnſucht, namen⸗
1163 234 2117 289 loſe Wehmuth, traumhafte Ahnung in jeder Seele wecken
1164 279 2118 333 und dann wie Seifenblaſen zerplätſchen werde, daß er
1164 326 2115 376 keinen Witz werde verhalten können, wenn er auch eben nur
1166 369 2132 420 tauge, ein paar alte oder junge Bockgeſichter an der Wirths⸗
1163 414 2120 468 tafel meckern zu machen, daß ihm ſein witziges Ich, alles
1160 459 2114 511 verklärend, und im Verklären unter Hohn zerſetzend, über
1160 504 2111 558 alles ſein, daß er ſchnöd, ſchmierig verläumden, lügen, ſein
1158 549 2112 604 Vaterland im Ausland dem Spott Preis geben, daß er,
1158 594 2114 646 ein feiger Weichling, ſich als Ritter und Freiheitskämpe
1151 639 2124 695 aufſpreizen, daß er endlich fromm werden und unter des
1151 684 2099 736 lieben Herrgotts rothem Mantel hervorlachen und kichern
1145 728 2124 782 werde, verachtet, verabſcheut und doch noch immer beſtechend
1152 774 2116 831 und zum Mitlachen kitzelnd, immer hinreißend, immer un⸗
1155 818 2105 871 widerſtehlich und immer unausſtehlich, ein Wicht und der
1152 863 2109 913 verhätſchelte Liebling Aller, ein Geſchwür des Geſtanks
1146 908 2116 959 und vom Dufte der Lorbeerblüthe nie verlaſſen, ein geiler
1149 951 2103 1005 Affe und ein Muſenjüngling mit einem Strahlennimbus
1143 996 2100 1050 um’s Haupt, ein unerſchöpflicher Honigkelch voll Gift für
1146 1043 2100 1093 die Nation, — o ſie überſah alles, alles. Ihr Götter, was
1155 1088 2094 1140 habe ich gemacht! rief ſie, ihre himmliſchen Locken raufend,
1125 1133 2112 1187 hre Hüften ſchlagend, — da plötzlich hielt ſie inne, ver⸗
1125 1176 2113 1227 ſtummte, ihre Blicke erheiterten ſtch, ein troſtreicher Gedanke
1142 1223 2096 1275 ſchien ihr aufzuſteigen. Sie erhob und ſchwang ſich in die
1139 1266 2091 1318 Lüfte. Wiederum, doch diesmal wohlbedacht, führte ſie ihr
1134 1313 2105 1362 Flug nach dem Norden, aber nach dem Süden des Nordens.
1127 1350 2096 1410 Es war ein klarer Frühlingsmorgen. Auf einem Rebenhügel
1134 1400 2084 1453 an einem ſchönen Flußthal, deſſen Ausſicht fernes blaues
1133 1444 2103 1501 Gebirge begrenzte, ließ ſie ſich nieder. Sie ſah unverwand⸗
1123 1484 2090 1543 ten Blicks nach dem Haus, an das der Weinberg ſtieß. Die
1130 1531 2098 1585 Thür öffnete ſich, ein Mann mit herben Zügen, über denen
1127 1575 2101 1631 aber der Geiſt des Friedens, der ſtillen Kraft, der beſchei⸗
1122 1623 2088 1677 denen Tugend ſchwebte, ein Mann, deſſen ganzes Weſen
1122 1659 2087 1720 Einfachheit war, ſchritt heraus in den Rebengarten, der
1112 1705 2088 1764 ſein Eigenthum ſchien. Heiter ſah er nach dem Gedeihen
1121 1750 2084 1810 der Sprößlinge, dann ſchickte er die Blicke mit einem un⸗
1108 1794 2075 1855 ausſprechlichen Ausdruck in das Thal hinaus, das in der
1122 1839 2090 1909 Morgenſonne ſtrahlte, hinüber nach den duftigen Bergen.
1122 1887 2088 1948 O du biſt es, ſprach ſie; dich hab’ ich einſt auch geküßt, ich
1122 1931 2078 1990 weiß es wohl noch, es war an einem ſolchen Morgen, da
1122 1976 2075 2035 du als Kind dort unten am Fluſſe ſpielteſt; der Kuß war
1119 2022 2076 2080 nicht voll, nicht glühend, nicht trunken, er war kühl, keuſch,
1109 2069 2079 2127 ſanft, ſo wie Athene küſſen würde, wenn ſie jemals küßte;
1115 2112 2072 2170 aber du, ja du biſt gut, die Geſchlechter werden mich ſegnen
1107 2153 2073 2209 um dieſen beſcheidenen Kuß. Du wirſt leben, unſterblich
1098 2196 2069 2257 leben in der Nation. Ein Denkmal wird dir dort unten
1119 2247 2073 2301 erſtehen auf einem Hügel in der grünen Au am Fluß, ehern
1110 2292 2079 2346 und gediegen wie du ſelbst. Wohl dir, wohl mir, wohl mei⸗
1103 2337 2076 2391 ner geretteten Ehre! Noch einmal ließ ſie mit innerſtem
1112 2382 2074 2443 Wohlgefallen ihr Auge auf dem Manne ruhen, dann ſchwang
1096 2428 2058 2482 ſie ſich wieder auf und ſchwebte dahin und kehrte frohen,
1107 2472 2074 2527 verklärten Blicks zurück zu ihren Schweſtern auf den Höhen
1100 2519 1587 2566 des Helikon.‘ — So Viſcher.
1212 2563 2071 2617 Nicht lange nach Uhland’s Tod, der am 13. Nov-
1110 2607 2061 2662 1862 erfolgte, erſchien als ‚ein Gedenkbuch für das deutſche
1107 2652 2052 2704 Volk‘ ſein Leben von J. Gihr bearbeitet, (Stuttg. 1863)
1091 2700 2080 2748 knapp gehalten, wie es ſich für den bezeichneten Zweck ge⸗
1104 2744 2059 2793 ziemt, übrigens wohl gemeint und mit Begeiſterung aus⸗
1101 2790 2055 2841 geführt. — Auf breiterer Grundlage, beſonders in äſthetiſcher
1098 2834 2058 2884 Beziehung, ruht das Werk: ‚ L. Uhland; ſein Leben
1092 2880 2049 2931 und ſeine Dichtungen‘ von Fr. Notter, (Stuttg.
1092 2923 2048 2977 1863), der, ſelbſt Dichter und bekannter Ueberſetzer Dante’s,
1095 2970 2051 3018 wohl befähigt erſcheinen mußte, die dichteriſche Bedeu⸗
1080 3012 2060 3068 tung Uhland’s ganz und voll zur Würdigung zu bringen.
1091 3062 2052 3111 Wenn er als ‚Gipfelpunkt der Uhland’ſchen Poeſie‘ den
1092 3110 2045 3157 ‚Waller‘ und den ,Bertran de Born‘ hinſtellt, ſo läßt ſich
