2353 3383
1182 124 1215 154 32
210 223 1172 262 kraft auf das deutſche Gemüth ausübte: die ganze gewal⸗
216 270 1170 309 tige und nachdauernde Wirkung, womit das altdeutſche Lied
209 313 1169 355 uns moderne Menſchen feſſelt und hinreißt, wäre nicht er⸗
219 360 1167 399 reicht, wenn nicht noch ein bedeutſamer geiſtiger Factor
219 402 1170 444 hinzuträte, welcher die eigenthümliche Schönheit jener Poe⸗
222 448 1173 490 ſieen erſt vollendet. Es iſt dieſes nichts anderes als der Hauch
216 495 1170 534 des lebendigen, innigen Glaubens, welcher durch dieſe Lie⸗
203 538 1170 579 der zieht, wie der Frühlingswind über die erwachte, blü⸗
210 583 1170 624 hende Natur. Es iſt das geheimnißvolle Licht dieſes Glau⸗
209 628 1167 670 bens, welches dieſe Dichtungen ſo verklärt und durchgeiſtigt,
213 672 1163 717 daß wir über dem Zauber dieſer überirdiſchen Anmuth,
210 715 1166 760 wie vor einem altdeutſchen Gemälde, oder einem Giotto
204 762 1167 807 und Fieſole, alle Schwächen und Unſchönheiten der Form
215 810 699 846 völlig überſehen und vergeſſen
318 855 1160 898 Die werthvolle Sammlung Lindemanns beſtätigt
216 900 1163 943 uns das aufs neue, und dieſes zwar um ſo unwiderlegbarer,
204 948 1155 987 je glücklicher es dem rühmlich bekannten Literarhiſtoriker
207 991 1161 1030 gelungen iſt, ſeine Auswahl mit aller Umſicht und mit ſel⸗
215 1036 1160 1078 enem Geſchmack zu treffen. Dabei fehlt es nicht an Manch⸗
216 1080 1158 1120 faltigkeit. Der erſte Abſchnitt bringt geiſtliche Lieder und
203 1123 1163 1165 Sprüche der Minne⸗ und Meiſterfänger, der zweite Kirchen⸗
201 1170 1154 1210 lieder und geiſtliche Volkslieder, dann folgen Lieder und
203 1213 1152 1255 Dichtungen der Myſtiker, Legenden, Dramatiſches und
203 1258 1164 1302 Sprüche. Als Anhang iſt aus dem jüngeren Titurel die
204 1302 1166 1348 Beſchreibung des Graltempels gegeben. Anmerkungen
216 1350 530 1390 ſchließen das Ganze.
315 1396 1164 1437 In dem erſten Abſchnitte begegnen uns unter dem
197 1437 1160 1480 vielen Schönen, was hier geboten wird, zwei prächtige rit⸗
204 1485 1098 1525 terliche Kreuzfahrerlieder von Hartmann von der Aue.
306 1531 930 1569 In dem einen ſingt der Minneſänger:
401 1599 954 1639 Die Welt, ſie lacht mich tröſtlich an
410 1639 635 1675 Und winket mir,
413 1672 906 1714 Und ich, ein unbefangner Mann,
413 1708 624 1743 Ich folgte ihr.
420 1746 927 1785 Ihr Locken hab’ ich manchen Tag
413 1777 651 1815 Mit Luſt gehört,
413 1815 902 1855 Wo Niemand Treue finden mag,
407 1852 702 1887 Lauſcht’ ich bethört.
419 1888 831 1926 Nun hilf mir, Herre Chriſt,
416 1921 813 1960 Wohl vor des Teufels Liſt,
416 1957 818 1996 Daß ich mich ſein entſchlage
404 1996 941 2035 Mit deinem Zeichen, das ich trage.
312 2061 1152 2107 Auch die Spruchweisheit Reinmars von Zweter iſt
189 2106 477 2145 trefflich vertreten.
396 2175 956 2218 Guter Wunſch zu gutem Ende.
290 2221 849 2257 Es wohnt ein Wunſch uns Allen bei,
303 2257 957 2301 Daß Gott uns mög‘ ein gutes Ende geben.
303 2295 795 2331 der Wunſch iſt gut; daß aber ſei
303 2328 915 2368 Das Ende gut, ſei gut zuvor das Leben.
299 2367 1094 2409 Gott mag auch geben ſchlechter Bahn ein gutes Ziel,
308 2404 1152 2448 Ich glaub’ es wohl, doch wär’ es nur gewonnen Spiel;
305 2437 624 2476 Wir aber wollen eben,
299 2470 795 2512 Wo auf dem Spiele ſtehl ſo viel,
294 2505 807 2550 Uns in die Wagniß nicht begeben.
300 2572 1154 2625 Unter den Kirchen⸗ und geiſtlichen Volksliedern fehlt
198 2617 1142 2668 natürlich das merkwürdige Lied ‚Media in vita’ nicht. Was
192 2664 1136 2713 aber in dieſer Abtheilung beſonders anziehend erſcheint
189 2707 1155 2757 das ſind die Contrafacturen, welche das weltliche Lied in
186 2754 1149 2802 ein geiſtliches umſetzen, eine Parodie oder Traveſtie im
198 2800 1149 2847 guten Sinne. Ohne Zweifel wurden alle dieſe Lieder nach
192 2845 1152 2893 der Melodie des betreffenden profanen Gedichtes geſungen.
195 2890 1155 2937 Wie innig klingen z. B. in dem Mailied (S. 216) die
195 2937 359 2974 Strophen:
1491 225 1884 264 Ich weiß mir einen Maien
1479 262 1827 300 In dieſer heiligen Zeit,
1488 297 1857 339 Der Maie, den ich meine,
1491 336 1802 373 Ewige Freud’ verleiht.
1475 406 1851 447 Der Maie, den ich meine,
1485 444 1812 480 Das iſt der zarte Gott,
1485 480 1869 516 Der hier auf dieſer Erden
1478 517 1838 550 Gelitten manchen Spott.
1481 586 1856 622 Geh’n wir zu dem Kreuze,
1469 625 1928 663 Und nehmen des Maien wahr!
1473 660 1833 696 Er hat gar rothe Blüte,
1476 699 1869 732 Den uns die Magd gebar.
1338 774 2183 814 In den folgenden Gedichten der Myſtiker finden wir
1241 817 2186 856 Vortreffliches von Tauler, Suſo und Heinrich von Laufen⸗
1233 864 2184 903 berg. Auch das größere myſtische Gedicht: ‚Die Tochter
1241 909 2177 946 Sion oder die minnende Seele’ iſt hier aufgenommen. Eine
1224 954 2189 994 kleine aber werthvolle Perle iſt das Lied vom Scheiden:
1433 1029 1992 1071 Das Scheiden iſt wohl hohe Gnad’:
1446 1065 1907 1102 Wer’s mit Geduld kann tragen,
1445 1102 1982 1144 Der wandelt auf der Minnen Pfad,
1439 1141 1850 1176 Der ſcheidet ſonder Klagen.
1440 1209 1983 1251 Doch Scheiden iſt ein bittrer Fund,
1440 1248 1859 1285 Das hab ich wohl erfahren;
1449 1285 2033 1323 Das Scheiden hat mein Herz verwund’t
1448 1324 1832 1357 In meinen jungen Jahren.
1340 1399 2186 1438 Unter den Legenden finden wir auch die Sage des Theo⸗
1229 1447 2181 1485 philus, jenes mittelalterlichen Fauſt. Der dramatiſche Theil
1223 1489 2177 1530 enthält nur zwei, aber ſehr bedeutende Stücke: eine ‚Marien⸗
1221 1533 2177 1573 klage’ aus dem 13. Jahrhundert von einfacher, aber darum um
1229 1579 2180 1618 ſo tiefer gehender elegiſcher Stimmung, und das merkwür⸗
1227 1626 2178 1665 dige Eiſenacher ‚Spiel von den zehn Jungfrauen’ aus dem
1220 1671 2180 1711 14. Jahrhundert mit ſeinen überaus draſtiſchen Scenen.
1229 1713 2177 1753 Man erkennt leicht, daß ſolche dramatiſche Vorſtellungen
1217 1758 2177 1798 bei nur einigermaßen guter Ausführung von einer nachhal⸗
1224 1803 2180 1843 tigen Wirkung geweſen ſein müſſen, mit welcher ſich der
1214 1849 2174 1890 Knalleffect unſerer modernen Schauſtücke gar nicht ver⸗
1217 1896 1418 1932 gleichen läßt.
1319 1942 2159 1978 Zum Schluſſe ſetzen wir aus der trefflichen Samm⸗
1227 1986 2177 2025 ung der Sprüche noch einen der ſchönſten her, in welchem
1218 2031 2178 2071 ſich wahre und practiſche Lebensweisheit altdeutſcher Zeit
1221 2079 1335 2112 ſpiegelt.
1440 2124 1727 2164 Zeit verlieren ſelten,
1436 2161 1914 2199 Nicht widerſprechen und ſchelten,
1425 2196 1899 2233 Und in dem Leiden Dankbarkeit —
1425 2232 1976 2272 Das bringt uns zur Vollkommenheit.
1332 2307 2171 2353 Manche werden vielleicht an den Ueberarbeitungen,
1224 2358 2165 2395 Kürzungen und ſonſtigen Aenderungen, welche der Ver⸗
1224 2403 2160 2440 faſſer vornahm, Anſtoß nehmen, Aber es handelt ſich ſelbſt⸗
1218 2445 2165 2488 verſtändlich bei dieſer Sammlung nicht um ein kritiſches
1211 2493 2175 2535 Quellenwerk, ſondern um eine anſprechende Anthologie,
1215 2538 2171 2578 welche in den weiteſten Kreiſen Verbreitung finden ſoll.
1212 2583 2178 2623 Dieſe iſt einem ſo anerkennenswerthen Werke wohl zu
1214 2628 2169 2665 wünſchen, welches auch ſeiner äußern Ausſtattung nach der
1214 2671 2178 2710 Verlagshandlung von Herder in Freiburg alle Ehre macht.
1218 2716 2166 2755 Wir empfehlen daher dieſe werthvolle Gabe allen Jenen,
1215 2761 2172 2802 welche in der Poeſie nicht Sinnenrauſch und krankhafte
1218 2808 2160 2844 Träumereien ſuchen, ſondern neben dem äſthetischen Ge⸗
1211 2854 2177 2893 nuſſe auch Belehrung und Erbauung, wie es das wahrhaft
1212 2899 2094 2938 Schöne ſeinem innerſten Weſen nach ſtets bieten muß.
1823 2955 2069 2992 W. Molitor.
