2387 3365
265 128 2111 360 Literariſsche Rundſchau.
200 436 602 471 Erſcheint am 15. eines jeden Mo⸗
182 472 614 508 nats. Der Abonnementspreis beträgt
285 510 524 544 3 Mark p. Semeſter.
935 427 1445 466 Redigirt von Joſeph Köhler.
857 479 1506 518 Verlag von Rudolf Barth in Aachen.
1010 536 1358 575 Erſter Jahrgang.
1748 438 2162 475 Inſerate werden mit 30 Pfennigen
1746 474 2162 511 für die 2ſpaltige Petitzeile oder deren
1868 513 2058 547 Raum berechnet.
183 629 2168 676 Nr. 6. Ausgegeben am 15. Juni. 1875
191 703 2165 741 Inhalt: Recenſionen und Referate: Herder’s Converſations-Lexikon. 1. Lfg. Rocholl, die Realpräſenz. Capellmann,
299 741 2162 775 de occisione foetus. Roſcher, Geſchichte der Nationalökonomik. Dühring, Geſchichte der Nationalökonomie. Pertz, Mo-
302 777 2166 813 numenta Germaniae; Scriptorum tom. XXIII. Becker, die römischen Inschriften des Mainzer Museums. Wilmans,
305 811 2163 846 Westfälisches Urkundenbuch, vierten Bandes 1. Abth. VIoet, Oorkondenboek der grafschappen Gelze en Zutfen.
299 846 2172 883 Ennen, Quellen zur Geschichte der Stadt Köln. 5. Bd. Wilmowsky, der Dom zu Trier. Waldmüller, Leib
291 877 1145 919 und Luſt. — Nachrichten. — Büchertiſch. — Anzeigen.
839 967 1520 1040 Recenſionen und Referate.
524 1078 813 1114 Encyclopädieen.
195 1138 1136 1178 Herder’s Converſations⸗Lexikon. Kurze, aber deutliche
284 1184 1139 1222 Erklärung des Wiſſenswertheſten aus dem Gebiete
278 1227 1142 1269 der Religion, Philoſophie, Geſchichte, Geographie,
285 1272 1136 1314 Sprache, Literatur, Kunſt, Natur⸗ und Gewerbekunde,
281 1316 1148 1357 des Handels, der Fremdwörter etc. Zweite gänzlich
275 1359 1148 1402 umgearbeitete Auflage. 1. Heft. A bis Albigenſer.
272 1403 1140 1447 Lex. 8. Freiburg. Herder. 80 S. Preis: 50 Pfg.
296 1464 1143 1506 In den Jahren 1854—57 erſchien zum erſten Male
189 1509 1139 1548 im Verlage der umſichtig⸗thätigen Herder’ſchen Verlags⸗
195 1551 1142 1590 handlung zu Freiburg im Breisgau ein Converſations⸗
197 1593 1139 1632 Lexikon in fünf Bänden; jetzt liegt nach zwanzig Jahren
191 1635 1148 1675 von der zweiten gänzlich umgearbeiteten Auflage das erſte
200 1679 1152 1721 Heft vor. Der Werth dieſes Werkes beruht vorzugsweiſe
194 1727 1136 1768 auf den feſtgehaltenen poſitiven chriſtlichen Grund⸗
210 1771 1139 1814 ſätzen und auf der inneren Einheit. Auf verhält⸗
194 1820 1148 1860 nißmäßig kleinem Raume ſind eine große Anzahl von
194 1863 1148 1906 wiſſenſchaftlichen Artikeln zuſammengedrängt, ſo daß man
200 1910 1145 1951 faſt von einer abſoluten Vollſtändigkeit reden kann. Man
194 1955 1148 1995 findet in dieſem erſten Hefte eine zwar kurze, aber doch
197 1998 1136 2038 völlig unterrichtende Auskunft über alle diejenigen Gegen⸗
200 2042 1142 2083 ſtände, welche während des täglichen Lebens oder bei dem
197 2086 1136 2129 Leſen wiſſenſchaftlicher Schriften vorkommen. Eine ange⸗
207 2131 1149 2171 ſtellte Vergleichung mit dem erſten jetzt in zwölfter ver⸗
200 2177 1139 2218 mehrter Auflage erſcheinenden Converſations⸗Lexikon von
195 2220 1137 2262 F. A. Brockhaus, ſowie mit dem wiſſenſchaftlich gediegene⸗
201 2267 1149 2307 ren und umfaſſenderen Staats⸗ und Geſellſchafts⸗Lexikon
200 2312 1145 2350 von Wagner hat bereits ergeben, daß das kleinere Her⸗
194 2357 1145 2397 der’ſche Converſations⸗Lexikon auf 86 Seiten mehr Ar⸗
204 2402 1149 2442 tikel enthält, als bis zur entſprechenden alphabetiſchen
200 2447 1145 2487 Reihenfolge dieſe beiden, nach einem größeren Maßſtab
191 2493 1139 2532 angelegten Real⸗Encyclopädieen. Bei Wagner fehlt z. B.
201 2532 1143 2574 Herder’s letzter Artikel Albigenſer. — Die Darſtellung
209 2581 1152 2620 iſt nicht nur Jedem, der wiſſenſchaftliche Bildung ge⸗
194 2625 1151 2665 noſſen hat, verſtändlich, ſondern wird in ihrer elegan⸗
198 2669 1146 2709 ten Knappheit auch von den Gebildeten mit Intereſſe
207 2715 1146 2755 geleſen werden. Bemerkt ſei nur, daß neuere Schriftſteller
195 2760 1146 2797 den Namen der angeſehenen corſiſchen Familie Aba⸗
200 2802 1151 2844 tucci ſchreiben, nicht wie S. 5 gedruckt iſt, Abbatucci.
210 2847 1146 2889 Bei Abeken S. 8 konnte der Neffe des Schulraths
209 2892 1154 2934 Abeken, der Geheime Legationsrath im Miniſterium der
203 2936 1148 2980 auswärtigen Angelegenheiten zu Berlin, Heinrich Abeken,
206 2982 1149 3025 geboren am 19. Auguſt 1809 zu Osnabrück, wohl genannt
206 3027 1154 3070 ſein; denn ſeine gewandte Feder hat den größten Theil der
212 3071 1148 3118 Denkſchriften und Noten abgefaßt, welche die preußiſche
200 3116 1160 3163 Regierung in der deutſchen Sache ſeit dem Jahre 1850
1211 1071 2162 1108 bis in die neueſte Zeit erließ; er iſt bekanntlich am 8. Au⸗
1209 1120 2159 1153 guſt 1872 geſtorben. Er war, wie Referent aus eigener
1214 1164 2165 1198 Kenntniß der ganzen Familie bezeugen kann, geiſtig bedeu⸗
1208 1208 2177 1246 tender, als der genannte Vetter Wilhelm Abeken. Anfangs
1220 1253 2174 1290 zum Theologen beſtimmt, hat er ſpäter während ſeiner po⸗
1215 1298 2174 1336 litiſchen Thätigkeit doch das Intereſſe an der Theologie
1212 1340 2165 1381 und an dem kirchlichen Leben des deutſchen Volkes niemals
1217 1386 1337 1420 verloren.
1317 1431 2169 1470 Da in unſeren Tagen Niemand, welcher eine wiſſen⸗
1217 1477 2168 1515 ſchaftliche Bildung anſtrebt, eines encyclopädiſchen Füh⸗
1217 1519 2166 1557 rers wird entbehren können, die Mehrzahl unter den Be⸗
1224 1560 2163 1602 lehrung ſuchenden Leſern größere Wörterbücher aber wegen
1208 1600 2162 1645 beſchränkter Zeit zu weitläufig findet, ſo können die wenigen
1211 1645 2168 1687 klaren und beſtimmten Artikel des Herder’ſchen Conver⸗
1223 1688 2162 1736 ſations-Lexikons am zweckmäßigſten und practiſchſten unter⸗
1217 1736 2163 1783 richten. Sei das Werk, deſſen Fortgang hoffentlich raſch
1214 1781 1989 1825 erfolgen wird, daher angelegentlichſt empfohlen.
1254 1829 2127 1876 Frankfurt a. O. Rudloff.
1323 1919 2163 1960 Herder’s Converſations⸗Lexikon hat ſich bei ſeinem
1220 1964 2180 2004 erſten Erſcheinen eines allgemeinen Beifalls zu erfreuen
1211 2007 2180 2049 gehabt. Wir zweifeln keinen Augenblick, daß der neuen
1223 2052 2168 2092 Auflage eine mindeſtens gleiche Anerkennung, auch bei den
1223 2097 2169 2136 geſteigerten Anforderungen der Gegenwart, in Ausſicht
1223 2142 2165 2179 ſteht. In der eben erſchienenen Lieferung iſt überall das
1224 2184 2165 2223 Walten einer ſichtenden, berichtigenden und ergänzenden
1226 2229 2162 2268 Hand erkennbar. Eine Anzahl Artikel von geringfügigem
1217 2274 2172 2310 Intereſſe iſt ausgeſchieden, und viele der beibehaltenen Ar⸗
1224 2317 2171 2358 tikel haben eine durchaus rationelle Kürzung erfahren. Für
1214 2361 2159 2401 den Ausfall wird der Käufer dieſer Auflage durch eine
1217 2406 2174 2448 Menge Erweiterungen, Zuſätze und ganz neuer Artikel
1208 2450 2132 2493 aus den verſchiedenſten Gebieten überreich entſchädigt. 1)
1217 2496 2171 2538 Manche Artikel der alten Auflage, darunter gerade die um⸗
1229 2539 2168 2585 fangreichſten, ſind völlig neubearbeitet. 2) Alles zuſammen⸗
1319 2659 2168 2707 1) Es mögen hier beiſpielsweiſe genannt werden: Abano,
1220 2695 2174 2742 Abelin, Abendmahlsſtreit, Abgeordneter, Ablaßprediger, Accoram⸗
1220 2731 2162 2779 boni, Achenbach, Achtermann, Acidalius, Acta, Acton⸗Dalberg,
1214 2766 2162 2814 Additional, Adansonia, Adelardus, Adelburg, Adhäſion in juriſt.
1214 2802 2174 2850 Bed., Adminiſtrations⸗Juſtizſachen, Adminiſtrationsbehörden, Ad⸗
1220 2836 2172 2886 rumetum, Aequiprobabilismus, Agents provocateurs, Agger,
1220 2872 2165 2920 Agglutination in linguiſt. Bed., Agoult, Aguas calientes, Agui⸗
1214 2908 2166 2955 lar, Ahlborn, Ahlquiſt (A. E.), Ahn, Ahmedabad, Ahrens (H.,
1223 2943 2177 2989 Juriſt). Aiblinger, Aino, Aïr, Aiwali, Alabama (Kaperſchiff),
1229 2979 2174 3024 Alacoque, Alatau, Alaska, Albatani, Albergati, Alberdingk⸗
1229 3015 2078 3060 Thym, Albert (Photograph), Albert (König von Sachſen).
1367 3049 2171 3094 2) So die Artikel: Ablaß, Africa, Afghaniſtan, Aeſtima⸗
1226 3085 2172 3129 toriſche Klage, Aeſchylus, Aegypten, Advocat, Adelaide, Adcita⸗
1217 3123 2012 3165 tion, Acht, Abraham a. S. Clara, Adam, Albigenſer.
