2387 3353
1175 123 1230 156 255
198 228 1160 259 Bibelwerk, theologiſch⸗homiletiſches, hrsg. v. J. P. Lange. Des
282 264 1160 295 A. T. 9. Thl.: Die Bücher Esra, Nehemia u. Eſther, von
281 292 1177 333 F. W. Schultz. gr. 8. Ebendaſ. 4. —
198 333 1161 366 Bunsen, E. v., biblische Gleichzeitigkeiten oder übereinstim-
278 369 1154 402 mende Zeitrechnung bei Babyloniern, Assyrern, Aegyptern
276 403 1160 439 u. Hebraern. gr. 8. Berlin. Mitscher u. Röstell. 3. 60
204 441 1174 475 Ewald, H, die Lehre der Bibel v. Gott. 4. Thl.: Ueber das
269 477 1166 510 Leben des Menschen u. das Reich Gottes. gr. 8. Leipzig.
275 513 1157 547 Böhme u. Drescher. 6. 60
197 550 1167 583 Hausrath, A., neuteſt. Zeitgeſch. 3. Thl.: Die Zeit der Apoſtel-
278 582 1149 618 II. 2. Aufl. gr. 8. Heidelb. Baſſermann. 10. —
191 621 1155 655 Keil, C. F., Hdbuch der bibl. Archaeologio. 2. Aufl. gr. 8.
269 657 1161 691 Frankf. Heyder u. Zimmer. 14. —
203 693 1158 726 Psalmen, die, hebr. Text mit einer kurzen Auslegung v. A.
272 726 1152 762 Heiligstedt. 1. Heft. gr. 8. Halle. Hermann. 1. —
197 765 1149 799 Riehm, C. C. A., Handwörterbuch des bibl. Alterth. 4. Lfg.
266 802 1158 835 gr. 8. Bielefeld. Velhagen u. Klaſing. 1. 60
198 835 1154 873 Skworzow, C., patrolog. Untersuchungen. Ueber Ursprung
269 874 1165 907 der problemat. Schriften der apost. Väter. gr. 8. Leipzig.
275 910 1167 945 Fr. Fleischer. 4. —
198 1020 1151 1051 Corpus apologetarum christianorum saeculi 2., ed. J. C.
266 1054 1173 1089 Th. de Otto. Ed. 3. Vol. 1. Fasc. 1.: Iustini op. Tom. 1.
266 1090 1152 1126 Pars 1. Fasc. 1. gr. 8. Jena. Dufft. 1. 80
201 1125 1155 1161 Eusebi chronicorum libri 2. Ed. A. Schöne. Vol. 1. gr. 4.
272 1162 1152 1198 Berlin. Weidmann. 20. —
194 1198 1149 1234 Evangelia apocrypha. Collegit atque rec. C. de Tischen-
266 1234 1145 1272 dorf. Ed. 2. gr. 8. Leipzig. Mendelssohn. 12. —
572 1306 789 1339 Philoſophie.
194 1363 1174 1396 Baur, F. Ch. v., drei Abhdlgn. zur Gesch. der alten Philo-
264 1398 1155 1434 sophie u. ihres Verh. zum Christenthum. Neu hrsg. von
263 1435 1163 1468 E. ZeIIer. gr. 8. Leipzig. Fues. 8. —
189 1473 1149 1504 Frauenſtädt, J., neue Briefe über die Schopenhauer’ſche Philo-
248 1509 1164 1541 ſophie. gr. 8. Leipzig. Brockhaus. 6. —
188 1545 1166 1576 Hermann, C., die Aesthetik in ihrer Geschichte u. als wissen-
267 1578 1166 1609 schaftl. System. gr. 8. Leipzig. Fr. Fleischer. 6. —
191 1612 1166 1642 Kirchner, F., Leibnitz’s Psychologie. gr. 8. Cöthen. Schett-
263 1644 1143 1681 ler. 1. 60
192 1677 1160 1717 Lamarck, J., zoolog. Philosophie. gr. 8. Jena. Deistung. 10. —
192 1720 1152 1753 Landau, L. R., der Gottesbegriff u. das geiſtige Princip oder
279 1758 1162 1791 die Philoſophie u. die Rel. der Zukunft. gr. 8. Leipzig.
263 1792 1152 1828 Koſchny. 1. 50
188 1831 1160 1866 Lazarus, M., das Leben der Seele, in Monographien über ſ.
260 1868 1159 1900 Erſcheinungen u. Geſetze. 2. Aufl. 1. Bd. Berlin. Dümmler.
267 1903 1164 1938 7. 50 Mark. geb. 10. —
189 1939 1155 1972 Liebmann, O., zur Analyſis der Wirklichkeit. Philoſoph. Unter⸗
257 1972 1161 2008 ſuchungen. gr. 8. Straßburg. Trübner. 9. —
182 2008 1170 2044 Scheidemacher, C., das Seelenleben der Gehirnthätigkeit. Gegen
263 2043 1157 2082 die Seelenleugner gerichtete Forſchungen, auf Thatſachen
263 2079 1146 2116 begründet. gr. 8. Regensb. Manz. 4. 50
182 2115 1157 2152 Thilo, C. A., kurze pragm. Gesch. der Philosophie. 1. ThI.:
257 2152 1161 2188 Gesch. der griech. Philos. gr. 8. Cöthen. Schultze. 5. —
579 2226 776 2263 Pädagogik.
194 2289 1166 2326 Waitz’s, Th., allg. Pädagogik u. kleinere pädag. Schriften. 2.
264 2325 1169 2362 Aufl. Hrsg. v. O. Willmann. 2. (Schluß⸗) Lfg. gr. 8.
257 2362 1145 2397 Braunſchw. Vieweg. 6. 40
506 2437 834 2475 Naturwiſſenſchaft.
189 2497 1154 2535 Arendt, R., Grundriss der organ. Chemie. gr. 8. Leipzig.
256 2535 1176 2565 Voss. 5. —
182 2568 1148 2604 Falb. R., Gedanken und Studien über den Vulkanismus. 8.
261 2604 1145 2641 Graz. Leykam-Josephsthal. 8. —
191 2638 1155 2677 Gorup-Besanez, E. F. v., Lehrbuch der Chemie. 2. Bd.:
267 2676 1149 2713 Organische Chemie. 5. Aufl. gr. 8. Braunschweig. Vie-
260 2713 1155 2749 weg. 13. 60
200 2746 1166 2787 Haeckel, E., Ziele u. Wege der heutigen Entwickelungsge-
270 2785 1152 2823 geschichte. gr. 8. Jena. Dufft. 2. 40
191 2820 1165 2859 Hallier, E., Naturwissenschaft, Religion u, Erziehung. gr. 8.
267 2857 1155 2895 Ebendaselbst. 4. —
192 2892 1149 2932 Handworterbuch, neues der Chemie. Hrsg. v. H. Feh-
273 2925 1149 2968 ling. 18. Lfg. gr. 8. Braunschw. Vieweg. 2. 40
185 2962 1161 3003 Hellmann, G., die tägl. Veränderungen der Temperatur der
261 3000 1167 3040 Atmosphäre in Norddeutschland. gr. 8. Berlin. Mayer u.
269 3037 1151 3072 Müller. 1. 50
186 3072 1168 3112 Klein, H. J., naturwiſſenſchaftl. Studien u. Kritiken. 8. Graz.
252 3105 1171 3146 Leykam⸗Joſephsthal. 6. —
1241 226 2220 261 Liebig, J. v., die Chemie in ihrer Anwendung auf Agricultur
1304 261 2195 297 u. Physiologie. 9. Aufl. Hrsg. v. P. ZöIIer. 3. Abth. gr.
1304 295 2181 331 8. Braunschw. Vieweg. 6. —
1235 333 2192 369 Miller-Hauenfels, A. v., die Gesetze der Kometen, abge-
1302 369 2181 405 leitet aus dem Gravitationsgesetze. gr. 8. Graz. Leusch-
1301 405 2200 441 ner u. Lubensky. 3. 50
1242 441 2190 477 Naturkräfte, die. Eine wiſſenſch. Volksbibliothek. 15. Bd.: Das
1313 478 2206 514 Spektrum u. die Spektralanalyſe, von P. Zech. München.
1305 516 2222 550 Oldenbourg. 3. —
1232 549 2209 586 Rammelsberg, C. F., Hdbuch der Mineralchemie. 2. Aufl.
1310 583 2183 621 II. specieller Thl. gr. 8. Leipzig. Engelmann. 16. —
1238 619 2192 661 Rühlmann, R., Hdbuch der mechan. Wärmelehre. 2. Lfg.
1310 655 2207 693 gr. 8. Braunschweig. Vieweg. 8. —
1232 690 2198 729 Rütimeyer, L., die Veränderung der Thierwelt i. d. Schweiz
1298 729 2210 765 seit Anwesenheit des Menschen. gr. 8. Basel. Schweig-
1302 766 2207 801 hauser. 2. —
1242 801 2184 837 Schleiden, M. J., das Salz. Seine Geſch, ſeine Symbolik u
1307 838 2183 874 ſeine Bed. im Menſchenleben. gr. 8. Leipzig. Engelmann
2109 870 2201 903 6. —
1551 918 1890 951 Rechtswiſſenſchaft.
1227 975 2208 1009 Berner, A. F., Lehrbuch des deutſchen Preßrechts. gr. 8. Leipz.
1302 1008 2183 1045 B. Tauchnitz. 7. 50
1230 1045 2205 1081 Bruns, C. G., Fontes iuris rom. antiqui. Ed. 3. Tübingen.
1295 1081 2208 1117 Laupp. 6. —
1227 1116 2192 1152 Codex Iustinianus, recogn. P. Krüger. Fasc. III. 4. Ber-
1292 1152 2190 1189 lin. Weidmann. 10. —
1224 1190 2212 1225 Gerlach, H., Lehrbuch des kath. Kirchenrechts. 3. Aufl. gr. 8.
1316 1225 2190 1260 Paderborn. Schöningh. 8. —
1229 1263 2202 1299 Haentzſchel, O., die Auf⸗ u. Abnahme von Teſtamenten im Gel⸗
1296 1300 2187 1335 tungsbereiche des Allg. Landrechts für die preuß. Staaten
1298 1336 2208 1369 unter Berückſ. der Vormundſchaftsordnung vom 5. Juli
1304 1371 2190 1405 1875. gr. 8. Breslau. Kern. 3. 50
1235 1407 2200 1444 Pezold. H., die deutſche Strafrechtspraxis. 1. Lfg. gr. 8. Stutt⸗
1307 1445 2205 1480 gart. Nitzſchke. 1. —
1227 1479 2186 1513 Puchelt, E. S., Commentar zum allg. deutſchen Handelsgeſetz⸗
1311 1515 2198 1549 buch. 2. Aufl. 1. Bd. gr. 8. Leipz. Noßberg. p. cplt. 16. —
1224 1549 2198 1585 Rechtsgrundſätze der Entſcheidungen des Reichs⸗Oberhandels⸗
1305 1587 2193 1620 gerichts. Hrsg. v. D. C. Calm. 2 Bde. 2. Lfg. gr. 8.
1304 1614 2177 1651 Berlin. Guttentag. 2. —
1220 1653 2183 1684 Rüttimann, das Nordamerikaniſche Bundesſtaatsrecht verglichen
1305 1690 2203 1723 mit den polit. Einrichtungen in der Schweiz. 2. Thl. 2.
1298 1728 2082 1762 Abth. gr. 8. Zürich. Orell, Füßli u. Co. 8 Mark.
1967 1762 2215 1798 p. cplt. 21. —
1227 1803 2195 1834 Sohm. R., das Recht der Eheschliessung aus dem deutschen
1295 1837 2201 1872 und canonischen Recht, geschichtlich entwickelt. gr. 8.
1304 1871 2195 1908 Weimar. Böhlau 6. —
1220 1909 2193 1945 Temme, J. D. H., Lehrbuch des gemeinen deutſchen Strafrechts.
1292 1949 2204 1983 gr. 8. Stuttgart. Enke. 8. —
1541 2019 1877 2050 Nationalökonomie.
1229 2073 2207 2107 Bischof. H., Grundzüge e. Systemes der Nationalökonomie.
1305 2106 2219 2143 4. Lfg. gr. 8. Graz. Leykam Josefsthal. 2. —
1334 2176 2081 2211 Geſchichte. Biographie und Verwandtes.
1223 2230 2205 2272 Acta publica. Verhandlungen und Correspondenzen der
1302 2266 2183 2305 schles. Fürsten u. Stände. Hrsg. v. H. Palm. Jahrgang
1305 2304 2200 2343 1621. gr. 4. Breslau. Max. 10. —
1235 2336 2183 2382 Böttger, H., Diöcesan- und Gau-Grenzen Norddeutschlands
1293 2373 2180 2416 zwischen Oder, Main, jenseit des Rheins, der Nord- und
1302 2409 2207 2452 Ostsee von Ort zu Ort schreitend festgestellt. 1. Abthl.
1298 2447 2181 2493 gr. 8. Halle. Waisenhaus. 5. —
1224 2482 2204 2527 Broemmel, F., genealog. Tabellen zur Gesch. d. Mittelalters
1305 2520 2193 2565 bis zum J. 1273. Wohlf. Ausgabe. Basel. Schweighauser.
2108 2555 2201 2592 4. —
1232 2593 2197 2637 Cantu, C., allg. Weltgeſchichte. Fortgeſetzt von J. Fehr. 14.
1305 2629 2198 2673 Bd. gr. 8. Regensburg. Manz. 12. —
1233 2665 2207 2709 Fessler, J. A., Gesch. v. Ungarn. 2. Aufl. bearbeitet v. E.
1302 2700 2183 2743 KIein. 16. Lfg. gr. 8. Leipzig. Brockhaus. 2. —
1226 2737 2196 2782 Grotefend, H., Stammtafeln der schles. Fürsten bis zum J.
1302 2773 2208 2817 1740. gr. 8. Breslau. Max. 2. —
1236 2809 2190 2856 Hansjakob, H., Herimann der Lahme von der Reichenau. Sein
1308 2847 2193 2892 Leben u. ſ. Wiſſenſchaft. gr. 8. Mainz. Kirchheim 1. 50
1227 2884 2199 2929 Helfert, J. A., Frhr. v., Geſch. Oeſterreichs vom Ausgange d.
1305 2920 2193 2965 Wiener October⸗Aufſtandes 1848. IV.: Der ungar. Winter⸗
1296 2956 2193 2999 feldzug u. die octroyirte Verfaſſung. 1. Thl. gr. 8. Prag.
1299 2988 2208 3034 Tempsky. 10. —
1224 3030 2187 3073 Hundt, F. H., Graf, über die baierischen Urkunden aus der
1302 3066 2180 3111 Zeit d. Agilolfinger. gr. 4. München. Ackermann. (Comm.)
2118 3080 2209 3136 6. —
