2353 3383
1173 44 1233 194 36
506 228 875 262 Geographie. Reiſen.
203 271 1169 310 Daniel, H. A., Handb. der Geographie. 4. Aufl. 4 Bde gr. 8.
279 309 1172 346 Leipz. Fues. 36 M.
203 343 1157 382 Fiorelli, G., descrizione di Pompei. Mit Holzschn. u. 1 Plan.
276 378 1161 418 8. Neapel. Detken und Rocholl. geb. 5 M.
212 417 1164 453 Hartwig, E., die Tropenwelt. 2. Aufl. gr. 8. Wiesbaden. Biſch⸗
272 451 1164 490 kopff. 14 M.
204 489 1158 525 Hübner, A. v., Spaziergang um die Welt. Deutſche Ausgabe.
272 523 1152 561 2. (wohlfeile) Aufl. 3 Bde. 8. Leipz. T. O. Weigel. 7,50 M.
209 559 1163 597 Italia. Hrsg. von K. Hillebrand. 2. Bd. gr. 8. Leipz. Har-
272 595 1157 634 tung u. Sohn. 8 M.
197 631 1163 670 Korioth, D., Geogr. v. Palästina. 2. Aufl. gr. 8. Freib. Her⸗
276 544 1451 705 der. 1,50 M.
197 705 1152 744 Rodenberg J., Wiener Sommertage. 8. Leipz. Brockhaus. 5,50 M.
539 759 827 792 Socialökonomie.
201 804 1158 843 Bischof, H., Grundzüge e. Systems der Nationalökonomik.
266 843 1164 880 3. Lfg. gr. 8. Graz. Leykam-Josefsthal. 2 M.
438 894 927 930 Kunſt und Kunſtgeſchichte.
191 942 1151 978 Carriere, M., die Kunſt im Zusammenhange der Culturent⸗
275 978 1152 1014 wicklung und die Ideale der Menſchheit. 5. Bd. 2. Aufl.
285 1014 1160 1051 r. 8. Leipz. Brockhaus. 11 M.
197 1048 1157 1086 Denkmäler der Kunst zur Uebersicht ihres Entwicklungs-
260 1086 1152 1120 ganges. 3. Aufl. Bearb. von W. Lübke u. C. v. Lützow.
270 1120 1158 1159 2.—4. Lfg. qu. Fol. Stuttg. Ebner u. Seubert. à 4 M.
510 1185 855 1218 Literaturgeſchichte.
191 1230 1152 1267 Forſter, J., Dickens Leben, übertragen v. F. Althaus. 3. Bd.
263 1264 1157 1303 Mit D.’s Bildniß. gr. 8. Berlin. Decker. 10,50 M.
206 1299 1161 1342 Hillebrand, J., deutſche Nationallit. des 18. und 19. Jahrh.,
276 1338 1149 1377 hiſt. u. äſthet.⸗kritiſch dargeſt. 3. Aufl. gr. 8. Durchgeſehen
264 1371 1053 1411 u. vervollſt. von K. Hillebrand. Gotha. Perthes.
201 1407 1155 1446 Lebensbild der heimgegangenenen Nathuſius. 2. Bd. Frauen⸗
269 1441 1146 1480 leben in Althaldensleben. 2. verkürzte Aufl. Leipz. Fricke. 3 M.
191 1479 1151 1516 Scherer, W., dentsche Studien. II. Die Anfänge des Minne-
272 1515 1145 1552 sanges. Lex. 8., Wien, Gerold’s Sohn. (Comm.) 1,20 M.
191 1551 1154 1588 Schröer, K. J., die deutsche Dichtung des 19. Jahrh. in
257 1588 1143 1624 ihren bedeutenderen Erscheinungen. gr. 8. Leipz. Vogel.
1095 1633 1158 1663 9 M.
563 1668 764 1705 Philologie.
195 1713 1149 1752 Benecke, G. F., Wörterbuch zn Hartmanns Iwein. 2. Ausg.
267 1746 1151 1785 besorgt von E. Wilken. 3. Lfg. gr. 8. Göttingen. Die-
261 1782 1152 1825 terich. 2, 80 M.
179 1821 1158 1857 Dichter, deutſche, des 17. Jahrh., hrsg. v. K. Gödecke und J.
257 1855 1158 1894 Tittmann. 7. u. 8. Band: Simpliciſſimus. 8. Leipz.
269 1891 1143 1932 Brockhaus. à 3,50 M.
185 1927 1145 1966 Erläuterungen zu den ausländ. Klaſſikern. 2. Bdchn.: Shake⸗
269 1965 1143 2005 ſpeare, Viel Lärmen um Nichts. Erläutert v. R. Prölß.
269 1999 1142 2041 16. Leipz. Wartig. 1 M.
185 2037 1140 2079 Holtzmann, A., altdeutsche Grammatik, umfassd. die goth.
254 2071 1146 2112 altnord., altsächs., angelsächs. und althochdeutsche Sprache.
257 2109 1152 2149 1. Bd. 2. Abth. gr. 8. Leipz. Brockhaus. 2 M.
185 2145 1149 2187 Klage, diu, mit den Lesarten sämmtl. Hdschr. Hrsg. V. K.
257 2181 1143 2221 Bartsch. gr. 8. Leipz. Brockhaus. 4 M.
182 2218 1149 2259 Lexer, M., mittelhochdeutsches Handwörterbuch. 11. Lfg.
261 2256 1146 2295 Lex. 8. Leipz. Hirzel 4 M.
191 2292 1137 2331 Lykurgos’ Rede gegen Leocrates, erkl. v. A. Nicolai. gr. 8
257 2326 1143 2368 Berlin, Weidmann. 0,75 M.
182 2362 1139 2404 Maetzner, E., altengl. Sprachproben. 2. Bd.: Wörterbuch.
251 2400 1136 2443 2. Lfg. Lex. 8. Berl. Weidmann. 5 M
186 2433 1139 2476 Mannhardt, W., der Baumcultus der Germanen und ihrer
264 2467 1146 2514 Nachbarstämme. gr. 8. Berlin. Gebr. Borntraeger. 14 M.
186 2502 1143 2548 Niebelungenlied, hrsg. v. Zarncke. Ausg. für Schulen.
254 2541 1139 2587 Leipz. G. Wigand. 16. 1,80 M.
180 2575 1137 2622 Platonis opera quae feruntur omnia. Ed. M. Schanz. Nr. 1.
261 2613 1140 2656 Euthyphro, Apol., Crito, Phaedo. 8. Leipz. B. Tauchnitz.
1043 2661 1149 2694 0,60 M.
257 2685 1134 2730 — dasselbe. Krit. Ausg. gr. 8. 6 M.
188 2724 1152 2764 Plauti, T. M., Comoediae, rec. A. Spengel. Vol. 3. Pars
248 2758 1134 2802 5: Trinummus. 8. Berl, Calvary u. Co. 1,20 M.
186 2793 1146 2835 Schiller, K., und A. Lübben, mittelniederdeutsches Wör-
255 2830 1137 2872 terbuch. 7. u. 8. Heft. gr. 8. Bremen. Kühtmann u. Co.
995 2875 1142 2908 à 2,50 M.
179 2904 1149 2944 Sophokles, erkl. v. F. W. Schneidewin. 3. Bdchn.: Oepi-
263 2940 1134 2983 pus auf Kolonos. 6. Aufl. besorgt v. A. Nauck gr. 8
257 2974 1149 3019 Berlin. Weidmann. 1,80 M.
176 3013 1143 3055 Tacitus, erkl. v. K. Nipperdey. 1. Bd. 6. Aufl. gr. 8.
254 3048 1148 3091 Berlin, Weidmann. 3 M.
1229 226 2181 268 Thukydides, erkl. von J. CIassen. 5. Bd. gr. 8. Ebendas.
2093 273 2195 307 1,80 M.
1230 297 2183 339 Werder, K., Vorleſungen über Shakespeare’s Hamlet gr. 8.
1314 336 2183 375 Berlin. Beſſer. 4,60 M.
1557 382 1872 417 Schöne Literatur.
1229 424 2177 466 Colleccion de autores espanoles. Tom 33: Narraciones popu-
1307 460 2184 504 lares por A. de Trueba. 8. Leipz. Brockhaus. 3,50 M.
1236 498 2187 538 Devrient, E. u. O., deutſcher Bühnen⸗ u. Familien⸗Shakeſpeare.
1296 534 2189 577 4. Bd. 8. Leipz. Weber 2 M.
1224 567 2178 609 Grillparzer, Medea. Trauerſp. 8. Stuttg. Cotta. 1 M.
1233 607 2175 646 Herder, Cid. Schulausg. mit Anm. von J. W. Schäfer 8.
1301 640 2184 682 Stuttg. Cotta. Cart. 1,20 M.
1230 678 2177 718 Jordan, W. A., Anklänge und Reime. Gedichte. 16. Königsb.
1301 714 2190 754 Hübner u. Matz. 2 M.
1233 748 2187 789 Meyr, M., Erzählungen aus dem Ries. 3. Aufl. 4 Bde. 8.
1295 786 2183 826 Leipz. Brockhaus. 24 M.
1233 822 2186 862 Peterſen, M., Prinzeſſin Ilſe. 17. Aufl. 16. Berlin Pätel
2111 865 2174 898 3 M.
1224 891 2183 934 Schücking, ausgew. Romane. 2. Folge. 4.—7. Bdchn. Schloß
1293 930 2187 969 16. Leipz. Brockhaus. 8 M.
1233 964 2190 1006 Storm, Th., zwei Weihnachtsidyllen. 2. Aufl. 16. Berlin. Pätel.
1298 1002 2175 1042 Geb. mit Goldſchnitt. 3 M
1218 1035 2180 1078 Tauchnitz Collection. gr. 16. Vol. 1467 and 1468: Patricia
1298 1072 2174 1113 Kemball by E. Lynn-Linton. — 1469: Katerfelto by
1299 1107 2184 1149 Whyte MelviIle. — 1470 and 1471: My story by K.
1289 1144 2184 1185 S. Macquoid. — 1472 and 1473: The goldemith’s wife
1296 1179 2177 1222 by W. H. Ainsworth. à 1, 60 M.
1221 1218 2171 1260 Scherer, G., Jungbrunnen. Die ſchönſten Volkslieder, geſam⸗
1292 1255 2178 1294 melt. 12. Berlin. Beſſer. 4 M.
1217 1290 2177 1330 Uhland, Ludwig der Baier. Schulausg. mit Anm. v. H. Weis⸗
1292 1327 2178 1369 mann. 8. Stuttg. Cotta. cart. 1,20 M.
1217 1362 2184 1402 Villamaria, Wellenträume. 16. Berlin. Pätel. Geb. mit Goldſchn.
2115 1408 2187 1441 3 M.
1329 1462 2186 1506 In der Herder’ſchen Verlagshandlung in Freiburg ſind
1227 1494 2046 1537 erſchienen und durch alle Buchhandlungen zu beziehen:
1230 1539 2183 1584 Altum, Dr. B., und Dr. H. Landois, Lehrhuch der Zoologie.
1290 1578 2183 1620 Mit 200 in den Text gedruckten Abbildungen. Dritte Auf⸗
1295 1617 1908 1653 lage. gr. 8⁰. (XVI und 379 S.) 4,50 M.
1215 1651 2169 1695 Klein, S., Lehrbuch der Weltgeſchichte für Schulen. Vierte,
1287 1686 2030 1726 verbeſſerte Auflage. 12⁰ (VIII u. 436 S.) 3 M.
1224 1719 2177 1762 Korioth, Dr. D., Geographie von Paläſtina. Zum Schulge⸗
1295 1756 2184 1800 brauche. Mit vielen Holzſchnitten. Zweite Auflage. gr. 8⁰.
1292 1789 1523 1825 (84 S.) 1,40 M.
1292 1828 2171 1872 Krieger, F., der Geſang-Unterricht in Volks⸗ und Bürger⸗
1290 1866 2168 1909 ſchulen. I. Die Tonreihe bis zur Quint. 0,20 M. II. Die
1283 1900 2171 1945 Tonreihe bis zur Octav. 0,20 M. III. Erweiterung der
1290 1938 2171 1981 Tonleiter nach unten und oben. 0,20 M. IV. Liederbuch
1290 1974 2175 2016 zu I–III. 0,20 M. V. Der einſtimmige Geſang. 0,30 M.
1292 2010 2166 2052 VI. Der zwei⸗ und dreiſtimmige Geſang. 0,40 M. VII. Lie⸗
1277 2046 1754 2085 derbuch zu V. und VI. 0,30 M.
1209 2082 2172 2125 Landois, Dr. H., Thierſtimmen. Mit Illuſtrationen. gr. 8⁰.
1289 2118 1628 2155 (XII u. 232 S.) 3 M.
1209 2154 2165 2196 Lorſcheid, Dr. J., Lehrbuch der organiſchen Chemie. Mit 59
1287 2190 2174 2233 in den Text gedruckten Abbildungen, 5 Tabellen und 1 Ta⸗
1287 2226 1833 2263 fel. gr. 8⁰. (XI. u. 260 S.) 3,60 M.
1293 2260 2177 2302 — Lehrbuch der anorganiſchen Chemie. Nach den neueſten
1287 2296 2171 2341 Anſichten der Wiſſenſchaft. Mit 137 in den Text gedruckten
1277 2332 2160 2377 Abbildungen und einer Spectraltafel in Farbendruck. Dritte
1287 2367 2163 2416 verbeſſerte und vermehrte Auflage. gr. 80. (XI u. 286 S.)
1280 2404 1385 2437 3,60 M.
1211 2443 2174 2485 Sachſe, J. M. J., die deutſche Grammatik in ihren Grund⸗
1290 2478 2162 2521 zügen. Ein zugleich für den Selbſtunterricht beſtimmtes
1287 2514 2159 2557 Hand⸗ und Uebungsbuch zum Gebrauche an den Mittel⸗
1284 2550 2162 2593 ſchulen, Präparanden⸗Anſtalten, Schullehrer⸗Seminarien
1293 2586 2174 2629 und den unteren und mittleren Klaſſen anderer höherer Lehr⸗
1280 2623 1848 2659 anſtalten. I.—IV. Curſus, à 0,35 M.
1320 2688 2172 2728 In der Junfermann’ſchen Buchhandlung in Paderborn iſt
1202 2725 1358 2758 erſchienen:
1254 2806 2118 2847 Auswahl deutſcher Aufſätze
1344 2883 2033 2922 nebſt Erläuterung einiger Dichtungen
1212 2935 2172 2982 für Schüler an Gymnaſien u. höhern Bildungsanſtalten überhaupt,
1662 2971 1710 3001 von
1511 3013 1854 3046 Wilhelm Hörling.
1568 3058 1799 3096 Preis 3 Mark.
375 3103 1967 3159 Verantwortlicher Redacteur Joſeph Köhler in Paderborn. — Druck von Franz Joſ. Urlichs in Aachen.
