2364 3351
1160 62 1241 214 196
203 247 1155 283 müthe.’ Später wurde ihm der Auftrag, die Erziehung
210 289 1158 325 des jungen Großfürſten, des jetzigen Kaiſers zu leiten —
213 337 1167 372 eine Aufgabe, für die er ſich aufs gewiſſenhafteſte vorbe⸗
204 381 1152 418 reitete. ‚Alle meine Gedanken’, ſchreibt er, ‚drehen ſich
213 424 1160 462 um dieſen Angelpunkt meines Daſeins.’ Seine Briefe bie⸗
203 469 1157 507 ten uns den Beleg dafür, ‚wie er ſein pädagogiſches Ver⸗
212 514 1160 552 hältniß am ruſſiſchen Kaiſerhofe auffaßte, mit welchem ſitt⸗
203 559 1151 597 lichen Ernſte er die Erziehung leitete und wie rückhaltlos
204 603 1160 643 er den Genoſſen der kaiſerlichen Familie auch in poli⸗
197 649 1158 687 tiſchen Dingen ſeine Ueberzeugung ausſprach.’ Die von
197 696 1157 730 echtem Patriotismus getragenen Klänge ſeiner Muſe fan⸗
206 739 1154 777 den in den Herzen ſeiner Landsleute einen lauten Wider⸗
200 786 1154 820 hall; uns Deutſchen hat er ſich am Abende ſeines Lebens
207 831 1163 870 durch verwandtſchaftliche und freundſchaftliche Beziehungen
204 876 360 909 verbunden.
302 921 1166 961 Es folgen in Nr. 7: ‚Erinnerungen an einen deut⸗
191 963 1157 1002 ſchen Capuciner’ — P. Franz Borgias Fleiſch⸗
194 1012 1151 1048 mann. Zweifellos die erhebendſte Partie des ganzen
194 1054 1151 1089 Buches, ſchwerkörnig in jeder Zeile und den beſten ‚Cha⸗
194 1101 1149 1135 rakterbildern Beda Weber’s ebenbürtig. P. Borgias war
198 1144 1158 1180 ‚ein »Soldat Chriſti«-, ein Ritter der Kirche im beſten
210 1188 1157 1225 Sinne des Wortes, ein Mann von rührender Innigkeit
201 1231 1154 1270 des Glaubens und von brennendem Seeleneifer, unermüd⸗
194 1276 1157 1315 lich im Kampfe für alles, was das Heil ſeiner Mitmenſchen
210 1323 1149 1359 fördern konnte, keine Mühen und Nachtwachen ſcheuend,
194 1365 1149 1402 wenn er im Beichtſtuhl oder am Krankenbett das »Glück
194 1411 1158 1447 hatte«, Hülfe und Troſt zu ſpenden, ſtrenge gegen ſich,
194 1456 1146 1489 milde gegen Andere, und demüthig und heiter wie ein
191 1501 1155 1533 Kind.’ Ein Volksmiſſionar und Conferenzredner, deſſen
188 1546 1151 1579 Worte, ‚aus vollem Herzen ſtrömend, in ihrer ſchlichten
185 1593 1148 1627 einfachen Klarheit ohne redneriſchen Prunk durch die Kraft
195 1638 1158 1674 der Ueberzeugung die Herzen der Hörer bewegten und mit
195 1683 1156 1720 ſich fortriſſen.’ Ein Freund der Kinder und — des Mi⸗
198 1725 1155 1761 litärs. Wir wollen dem Leſer den Genuß dieſes Abſchnit⸗
188 1770 1149 1804 tes nicht durch Mittheilungen aus dem reichen Inhalte
197 1815 1146 1848 verkümmern. Nur Eine Bemerkung ſei uns erlaubt. Das
191 1858 1148 1894 Bild des P. Borgias macht durchaus den Eindruck einer
191 1903 1137 1938 intelligenten Perſönlichkeit. Bemerkenswerth, aber durch⸗
183 1948 1146 1984 aus nicht überraſchend iſt, was der Herr Verf. S. 258
185 1995 1149 2031 mittheilt: ‚Je weniger er ſelbſt von der Welt verlangte,
189 2040 1140 2076 deſto ſicherer und unbefangener beurtheilte er in ſeinem
195 2085 1146 2121 einſamen Kloſter die Dinge der Welt, die Zuſtände des
185 2130 1151 2166 öffentlichen Lebens, welches er in einem neuen Umwand⸗
186 2173 1142 2212 lungsproceß begriffen glaubte. In allen seinen Anſchauun⸗
188 2223 1148 2257 gen und Urtheilen fand man nichts weniger, als eine von
188 2266 1145 2302 Weltleuten ſo genannte »mönchiſche« Engherzigkeit und
188 2311 1139 2346 Einſeitigkeit, vielmehr eine überraſchende Höhe des Stand⸗
192 2355 1151 2392 punktes und Sicherheit und Schärfe des Blickes.’ Man
191 2401 1146 2436 denke ſich den armen Capuciner mit ſeiner Glaubensinnig⸗
180 2443 1134 2484 keit, Gemüthstiefe, Thatenfreudigkeit und Menſchenliebe,
179 2490 1145 2526 mit ſeiner beſcheidenen Gelehrſamkeit und ſeiner Intelli⸗
183 2536 1149 2571 genz, welche Weisheit *) war, in die unmittelbare Nähe
185 2578 1137 2616 Alexanders von Humboldt gerückt; kein Contraſt kann
191 2623 1143 2661 greller, ſchneidiger gedacht werden. Humboldt wird als
186 2664 1142 2706 dux et antesignanus unſerer modernen faſt lediglich intel⸗
183 2707 1133 2751 lectuellen und die Religion ausſchließenden Bildung ge⸗
186 2751 1145 2796 prieſen, von der man die Erlöſung der Menſchheit, die
186 2797 1146 2841 Ausgleichung der Gegenſätze und das Heil der Staaten
296 2860 1137 2908 *) Sunt, qui scire volunt eo tantum fine, ut sciant, et
186 2898 1143 2943 turpis curiositas est. Et sunt, qui scire volunt, ut sciantur
180 2935 1143 2979 ipsi, et turpis vanitas est. Et sunt item, qui scire volunt,
189 2971 1143 3015 ut scientiam suam vendant, verbi causa pro pecunia, pro ho-
189 3010 1140 3052 noribus, et turpis quaestus est. Sed sunt quoque, qui scire
183 3046 1140 3088 volunt, ut aedificent, et caritas est. Et item, qui scire vo-
183 3084 1137 3124 lunt, ut aedificentur, et prudentia est. S. Bern. Sermo 36.
180 3121 339 3154 sup. Cant.
1238 252 2189 286 erwartet. Wahre und heilskräftige Bildung iſt aber nur
1235 297 2192 331 eine ſolche, welche des Menſchen geſammtes Weſen er⸗
1241 342 2183 376 faßt, und ihr Ideal iſt für alle Ewigkeit in den Worten
1235 387 2198 421 ausgeſprochen: Conformes (gleichgebildet) fieri imaginis
1241 432 1656 465 Filii Dei. (Röm. 8. 29.)
1344 477 2085 512 Paderborn. Köhler.
1614 513 1821 551 (Schluß folgt.)
1553 639 1878 674 Schöne Literatur.
1238 693 2192 730 Till Eulenſpiegel redivivus. Ein Schelmenlied von Ju-
1325 739 2196 775 lius Wolff. 2. Aufl. 8. Berlin. Grote. 1875.
1331 783 1832 816 XIII, 196 S. Preis: 3 Mark.
1346 836 2186 871 Till Eulenſpiegel, der alte, hat bekanntlich auch im
1241 883 2180 917 Grabe noch den Kopf auf dem rechten Fleck behalten. Als
1235 928 2187 961 man zu Mölln bei Lübeck anno 1350 ſeinen Sarg einſenkte,
1239 974 2183 1006 da brach ein Seil, und Till ſchoß ins Grab alſo, daß er
1232 1017 2190 1051 auf die Füße zu ſtehen kam. Erſt närriſch ſteht er nun
1229 1062 2189 1096 begraben, aber wohlweislich mit dem Kopf nach oben. Er
1224 1107 2187 1140 müßte im Grabe auf den Kopf gefallen ſein, wenn er, wie⸗
1238 1152 2193 1186 der aufgelebt, ſolcher Geſtalt erſchiene, wie J. Wolff ihn
1223 1197 1431 1231 uns vorführt
1338 1239 2190 1276 Als der Redivivus Anfangs Winter in erſter Auf⸗
1236 1286 2181 1321 lage erſchien, hielt ich nach wenig Augenblicken der Unter⸗
1226 1332 2180 1366 haltung mit ihm ſeine nähere Bekanntſchaft nicht für der
1232 1377 2177 1408 Mühe werth und ſchickte ihn zurück. Nun kommt er wieder
1226 1419 2183 1456 in zweiter Auflage,*) direct ‚aus des deutſchen Reiches
1239 1463 2177 1498 Hauptſtadt’, einen neuen Schreibebrief ſeines Verfaſſers
1235 1508 2187 1542 in der Hand und einen ganzen Ranzen voller Empfeh⸗
1229 1553 2183 1589 lungsbriefe auf dem Rücken. 56 enggedruckte Seiten mit
1235 1600 2183 1636 ‚Urtheilen der Preſſe über die erſte Auflage’ hat der Ver⸗
1235 1648 2187 1680 leger dem ſelbſt nur 196 Seiten langen Redivivus ange⸗
1232 1690 2181 1726 hängt. — Da kann man nicht umhin, dem fahrenden
1227 1735 2184 1768 Geſellen zunächſt einmal in die dargebotenen Papiere
1230 1779 2177 1813 zu ſchauen. ‚Eine erfreuliche Leiſtung voll friſchen Hu⸗
1233 1822 2186 1858 mors, der auch der Ernſt des Gedankens nicht fehlt.
1238 1866 2180 1905 Allerliebſte klangvolle Lieder unterbrechen die muntern
1216 1909 2174 1951 jambischen Reimpaare’ — ſchreibt ihm Kreyſſig in der
1229 1956 2184 1997 ‚Deutſchen Rundſchau’. — ‚Lieder’, ſagt Trä⸗
1210 2000 2175 2041 ger in der ‚Gegenwart’, ‚ſo morgenfriſch und ro⸗
1212 2045 2183 2086 ſenduftig, daß man bedauert, ſie nicht in ſelbſtändi⸗
1224 2090 2178 2132 ger Vereinigung zu erblicken.’ Trotzdem ‚Eulenſpiegeleien
1209 2138 2181 2176 fehlen’, und ‚kaum ein Schattenbild der Zeit in dieſem
1227 2180 2175 2220 Spiegel erſcheint’, ſoll auch ‚der eigentliche Text ſtellen⸗
1227 2226 2178 2265 weiſe von hinreißender Schönheit und muſtergültig’ ſein.
1224 2273 2175 2310 Die ‚überwiegenden Reden, womit, bei nicht ausreichender
1226 2316 2186 2355 Handlung, die Seiten gefüllt ſind,’ ſollen nämlich ‚ein
1210 2363 2174 2400 feiner, aber jedenfalls unbeabſichtigter Hohn auf
1209 2406 2186 2446 unſere parlamentariſche Gegenwart’ ſein, und ‚die beſte dem
1229 2456 2178 2490 Till der Unmuth beim Anblick eines Geiſtlichen entreißen.’
1216 2498 2174 2537 — Eugen Zabel in den ‚Blättern für literari⸗
1208 2544 2184 2580 ſche Unterhaltung’ findet ‚in der lebensluſtigen roth⸗
1211 2592 2187 2628 wangigen Geſundheit’ der ‚von dem erquickenden Zauber⸗
1221 2635 2181 2671 hauch jugendlicher Friſche umwitterten’ Dichtung ihren
1206 2681 2165 2716 hauptſächlichſten Reiz. Wenn er auch hin und wieder eine
1226 2726 2178 2761 größere Tiefe des Gehalts wünſchen möchte, ſcheut er ſich
1215 2772 2190 2808 doch, von dieſer gewinnenden Liebenswürdigkeit etwas an⸗
1223 2811 2174 2853 deres zu verlangen, als lustige Scherze. Dahingegen
1224 2862 2180 2898 ſieht die ‚Post’ in dem, was Wolff gibt, ein Stück
1221 2904 2180 2944 divina commedia; denn er umfaßt alles, was des Menſchen
1227 2949 2168 2991 Herz und Sinn bewegt, mit mehr Ernſt und Tiefe, als
1221 2996 2177 3034 er ſich und ſeinem Begleiter eingeſtehen mag.’ Die
1223 3040 2180 3083 ‚Grenzboten’ werden durch ‚die Sprache, Gedanken⸗
1322 3120 2147 3170 *) Soeben erſchien die dritte Auflage. Red.
