1418 2273
122 105 1050 42 Bei dem Verleger dieſer Schrift sind ferner erſchienen und

305 155 700 38 durch alle Buchhandlungen zu beziehen:

140 217 1042 38 Cur Deus homo? oder Warum ein Gott⸗Menſch? Zwei Geſpräche

164 260 1013 41 des Erzbiſchofs Anſelm von Canterbury über die Verſöhnung

174 304 1004 40 der Menſchen mit Gott. Zur Beherzigung für alle Chriſten aller Con⸗

170 348 1016 41 feſſionen aus dem Lateiniſchen überſetzt. Mit einer kurzen Lebens⸗

174 394 1006 38 beſchreibung Anſelms in dem Vorworte. gr. 8. 1834. 12 gr. od. 54 kr.

143 436 1039 39 Häverniek, H. A. Ch., Handhuch der historisch-kritischen Ein-

175 480 1002 37 leitung in das alte Testament. I. Theil 1 u. 2. Abthlg. gr. 8. 1836.

177 526 1004 35 2 Rthlr. 8gr. od. 4fl. 12 kr. (der 2. u. letzte Band folgt bald nach.)

143 569 1044 36 Harleſs, G. C. A., Commentar über den Brief Pauli an die

175 613 838 35 Ephesier. gr. 8. 1834. 2 Rthlr. 16 gr. od. 4 sl. 48 kr.

127 659 1059 34 — — — de revelatione et fide. 8. maj. brosch. 1830. 12 gr.

180 706 152 33 od. 54 kr.

139 749 1052 36 Höfling, J. W. F., Myſticismus, der wahrhaft hiſtoriſche und der

182 793 1008 35 heutzutage falſchlich ſogenannte, in ihrem Verhältniſſe zum evangeli⸗

185 839 1004 30 ſchen Chriſtenthume dargeſtellt. gr. 8 broſch. 1832. 6 gr. oder 27 kr.

135 881 1055 34 Leben evangeliſcher Heidenboten. Herausgegeben von G. P. Heller. 1r Bd.

173 923 1018 34 Plinius Fisk, von Alvan Vond. Aus dem Engliſchen überſetzt 8.

178 968 968 32 1835. broſch. 30 Bogen. Vel. P. 1 Rthlr. 6 gr. oder 2 fl. 15 kr.

137 1011 1056 34 Loehlein, C. L. E., Syrus, epistolae ad Ephesios interpres, in

178 1055 1017 33 causa critica denuo examinatus. 8. maj. 1835. 8 gr. od. 36 kr.

177 1099 435 31 Vel. Pap. 10 gr. od. 45 kr.

142 1142 1050 37 Neubig, A., Iſt Chriſtus mit vollem Rechte den Tod eines Verbre⸗

184 1186 1013 34 chers geſtorben. Eine Abhandlung aus dem höhern Staats⸗u. Kir⸗

178 1231 1016 34 chenrechte für Juriſten und Theologen, ſo wie für jeden Gebildeten.

189 1275 542 37 gr. 8. 1836. broſch. 8 gr. oder 36 kr.

145 1318 1053 37 Ranke, F. H., Unterſuchungen über den Pentateuch aus dem Gebiete

185 1361 1011 34 der höheren Kritik. 1. Bd. gr. 8. 1834. 1 Rthlr. 6 gr. od. 2fl. 15kr.

149 1406 1047 34 Rückert, Friedrich, geſammelte Gedichte. 3. Aufl. Vel. P. gr. 8.

193 1447 568 36 1836. broſch. 2 Rthlr. oder 3 fl. 36 kr.

151 1492 1052 35 — — geſammelte Gedichte 2r Bd. Vel. P. gr. 8. 1836. broch. 2 Rthlr.

184 1535 247 37 oder 3 fl. 36 kr.

155 1577 1046 39 Steiger, W., kleine pauliniſche Briefe, 1r Theil: Der Brief an die

189 1620 1016 38 Koloſſer. Ueberſetzung, Erklärung, einleitende u. epikritiſche Abhand⸗

191 1666 1004 37 lungen. gr. 8. 1835. 1 Rthlr. 20 gr. od. 3 fl. 18 kr. Vel. P. 2 Rthlr.

194 1711 320 40 4 gr. oder 3 fl. 54 kr.

153 1758 1048 44 Tiele, J. N., ב ראשית Γένεσις. Das erſte Buch Moſes, zum

191 1807 1016 40 Nutz und Frommen Studirender und practiſcher Theologen überſetzt

191 1851 1011 39 und commentirt. 1r Bd. gr. 8. 1836. 40 Bogen. 1 Rthlr. 12 gr. od¬

190 1900 159 38 2 fl. 42 kr.

159 1938 1050 44 Zeiten und Dinge. Erſter Geſang. Aurora. gr. 8. 1885. broſch. Vel. P.

202 1988 230 40 10 gr. od. 45 kr.
