1418 2273
186 90 704 63 IV Vorbemerkung.

199 179 1048 64 Anſpruch machen. Und wenn Herr Strauß ſich ſelbſt

197 253 1040 67 nur als ein Organ weitverbreiteter Ueberzeugungen bezeich⸗

188 329 1059 64 net, ſo mußte er wohl von ſeinem Buche daſſelbe erwar⸗

199 405 1035 62 ten, was der Dichter erwartete: uni mitteris, omnibus

193 481 1051 62 legeris. Zu dieſer dem Buche natürlichen, und, wenn

198 555 1044 60 auch nicht beabſichtigten, doch unabweisbaren Beſtimmung

198 631 1037 60 geſellte ſich bald das Lob der gebildeten Bewunderer, we⸗

192 706 1050 60 niger in den gelehrten theologiſchen Zeitſchriften, am we⸗

193 781 1049 60 nigſten in gelehrter wiſſenſchaftlicher Beurtheilung; wohl

193 856 1049 59 aber gelangte das Buch bald zu den manus minores am

197 931 1045 59 porticus Quirini, und in verbreiteten politiſchen Tages⸗

189 1008 1045 58 blättern rühmte man den wiſſenſchaftlichen Werth dieſes

190 1083 1044 58 Buches. Rechnet man noch dazu, daß von anderen Sei⸗

187 1157 1049 58 ten ſehr ernſthafte Bedenken über die Gefährlichkeit deſſel⸗

189 1230 1053 60 ben laut wurden, ſo erklärt ſich leicht, wie dieſe Schrift

192 1306 1040 60 Vielen Gegenſtand der Nachfrage, ja ſelbſt eifriger Be⸗

188 1382 1046 57 ſchäftigung wurde, und daß die Nachricht von deren Er⸗

193 1456 1041 58 ſcheinung je nach der Geſinnung entweder mit Frohlocken

191 1530 1043 60 oder mit Abſcheu vernommen ward. Ich darf demnach

185 1604 1037 61 Anfragen, die über dieſes Buch auch an mich ergingen,

180 1679 1046 61 als einen gültigen Anlaß zu öffentlicher Antwort betrach⸗

192 1755 1038 62 ten. Sie wird in den folgenden Bogen gegeben und gilt

182 1829 1046 62 den Wohlgeſinnten unter den Gebildeten, welchen es etwa

182 1905 1046 60 bei dem Ruhme der Macht des Gegners um die Sache

181 1980 1049 61 des Evangeliums hat bange werden wollen. Bei der nicht
