1418 2273
550 96 345 60 Vorbemerkung. V

202 187 1054 56 ohne Kunſt und Abſicht herbeigeführten Verwirrung über

198 261 1054 59 die wahre Natur der Gegenſätze, die ſich hier bekämpfen,

206 335 1044 58 wird es zuerſt räthlich ſeyn, ſich über die Principien, von

207 410 1040 59 welchen der Streit ausgeht, zu orientiren. Dazu ſoll der

201 486 1050 58 erſte Abſchnitt dienen, in welchem die vorläufigen Ver⸗

199 564 1052 55 ſicherungen beleuchtet werden, die uns Herr Strauß in

205 639 1048 55 der Einleitung als wohlbegründete Prämiſſen und noth⸗

198 714 1051 56 wendige Entwicklung giebt. Im zweiten Abſchnitte lernen

202 789 1047 56 wir die Reſultate ſeiner Kritik, nämlich die Auseinander⸗

205 865 1044 56 ſetzung, wie man ſich die Entſtehung der einzelnen evan⸗

197 937 1050 59 geliſchen Mythen zu denken habe, kennen. Ich habe hier

191 1011 1054 58 getroſt Alles abgeſchrieben, was zum Verſtändniß des Gei⸗

195 1086 1056 61 ſtes, aus dem dieſes Buch hervorgegangen iſt, dient, un⸗

200 1165 1054 56 angeſehen, daß es das Gefühl eines chriſtlichen Leſers oft

193 1240 1054 59 verletzen wird. Wer ſich verführen laſſen will, der laſſe

202 1313 1048 60 ſich verführen! Und mehr noch: wer von ſolchen Aeuſſe⸗

200 1389 1056 60 rungen verführt wird, dem iſt überhaupt nicht mehr zu

197 1464 1044 59 helfen. Die Ohren der Chriſten aber werden ſich an Ver⸗

195 1538 1051 61 dächtigungen gewöhnen müſſen; denn was uns Herr Strauß

188 1616 1058 59 zu hören giebt, das iſt nur der ſchwache Anfang von dem,

195 1690 1042 59 was kommen wird. Im dritten Abſchnitt unterſuchen wir

193 1765 1048 62 die kritiſchen Principien und Argumente, die zu ſolchen

195 1840 1053 61 Reſultaten geführt haben. Es geſchieht auch dies in derſel⸗

189 1916 1052 61 ben Weiſe und Abſicht, welche wir in den beiden andern

189 1991 1058 65 Abſchnitten beachteten. Unſer einziger Zweck iſt zu zeigen,
