1418 2273
450 743 466 69 Vorbemerkung.

166 949 1048 56 Es war mir eine Zeitlang zweifelhaft, ob man dem ſo

159 1023 1055 54 viel beſprochenen Strauß'ſchen Buche in beſondern

168 1097 1048 58 Schriften begegnen ſolle, welche, wie jede Streitſchrift,

163 1173 1051 57 einen Gegenſtand vor ein größeres Publicum bringen, den

165 1248 1055 59 Herr Strauß nach ſeiner Vorrede S. VIII. ſelbst nur

160 1323 1054 59 für den engern Kreis der gelehrten Theologen geeignet

167 1398 1047 60 glaubt, und welcher daher eigentlich nur in den Organen

169 1474 1041 55 der gelehrten Theologie, den theologiſchen Zeitſchriften,

163 1547 1052 57 beſprochen werden ſollte. Allein ich ward eines Beſſern

165 1622 1053 58 belehrt. Man konnte freilich an ſich ſchon vermuthen,

165 1696 1059 61 daß eine Schrift, welche nach ihrem eigenen Geſtändniß

170 1773 1054 59 weniger von gelehrten theologiſchen Wahrnehmungen, als

170 1848 1050 61 von den Anſichten der neueren Bildung aus, die evange⸗

170 1925 1059 57 liſche Geſchichte beſpricht, in dem großen Kreiſe derer An⸗

172 1999 1061 60 klang finden werde, die auf den Namen der Gebildeten
