1418 2273
452 116 424 45 Dritter Abſchnitt.

1144 118 40 44 97

143 207 1046 45 Wahrheit unterſchiebt und vorausſetzt, kommt ſie natürlich

141 264 1040 46 zum Schluſſe, daß dieſer Jeſus nicht ſo habe reden kön⸗

147 323 1040 42 nen, wie ihn die Evangeliſten reden laſſen! Das iſt nicht

143 381 1050 41 beſſer als die alte Weiſe: „da kam mir ein Einfall von

141 438 1047 44 ungefähr: ſo redt' ich, wenn ich Chriſtus wär'!“ Daſſelbe

141 496 1049 42 Vorurtheil, in der roheſten Geſtalt, wird uns als wiſſen⸗

139 553 1053 45 ſchaftlicher Grund gegen das Hiſtoriſche der evangeliſchen

136 612 1054 44 Wunderheilungen geboten. So heißt es z. B. in Bezug

145 671 1041 42 auf die Heilung des Ausſätzigen *): „daß eine, in Folge

139 728 1044 44 tiefer Verderbniß der Säfte durch den hartnäckigſten und

135 787 1047 43 bösartigſten aller Ausſchläge zerfreſſene Haut durch ein

141 843 1037 43 Wort und eine Berührung augenblicklich rein und geſund

141 900 1034 42 geworden ſeyn ſollte, dieß iſt, weil es etwas einer langen

135 954 1040 46 Reihe von Vermittlungen Bedürftiges als unmittelbar ein⸗

137 1011 1046 49 getreten darſtellt, ſo undenkbar, daß es jeden, der auſſer⸗

135 1070 1044 46 halb gewiſſer Vorurtheile ſteht (was der Kritiker immer

136 1125 1045 49 ſoll) unwillkührlich an das Fabelreich erinnern muß.“

137 1185 1040 46 Das „gewisse Vorurtheil,“ von welchem ſich dieſe Kritik

135 1245 1044 47 frei zu ſeyn rühmt, iſt die in der evangeliſchen Geſchichte

135 1305 1040 49 gegebene Annahme einer göttlichen Macht Jeſu, von wel⸗

136 1361 1038 45 cher Annahme ſich dieſe vorausſetzungsloſe Herrſcherin,

133 1418 1041 44 wie wir geſehen, durch einen willkührlichen Satz a priori

137 1476 1041 43 d. h. durch das Vorurtheil, daß es keinen ſolchen Jeſus

135 1534 1040 43 geben könne, dispenſirt hat **). Wir wollen darum nur

137 1591 1049 47 noch anführen, daß im Betreff der Blindenheilungen be⸗

182 1731 156 46 *) II, 56.

170 1784 1010 46 **) Herr Weiße macht uns freilich eben erſt bekannt, daß die

235 1842 941 40 Philoſophie überhaupt ſich nicht zum Glauben an Wunder be⸗

241 1894 932 40 quemen könne, ſ. Tholuck's Litt. Anz. für 1836. N. 20.

236 1946 947 42 S. 157 fg. Nun wir freuen uns des offenen Geständniſſes.

235 1998 391 42 Es verhütet Mesalliancen.

905 2041 33 45 7
