1502 2586
780 68 833 126 64
135 115 1463 221 sollte, weil ſich herausgeſtellt hat, daß derſelbe zwar lutheriſch getauft, aber
138 219 687 270 reformirt confirmirt worden iſt.
216 259 1473 331 In Oldenburg iſt nun die Beſetzungsweiſe der Pfarrſtellen, wie dieſelbe
137 317 1463 386 ſeit 1849 proviſoriſch feſtgeſtellt war und ſich ſeither trefflich bewährte, zu einer
141 373 1469 438 endgültigen Verfaſſungsbeſtimmung erhoben worden. Die Beſetzung aller Pfarreien
131 425 1469 491 erfolgt hiernach in der Art, daß der Oberkirchenrath unter Berückſichtigung der
135 477 1467 544 Einzelgemeinden und der Intereſſen der Landeskirche aus den aufgetretenen Bewer⸗
139 530 1469 598 bern drei Geiſtliche ausſucht, aus welchen die betreffende Gemeinde in allgemeiner
135 582 1461 647 Verſammlung Einen auswählt, der hierauf dem Großherzog präſentirt und von
133 647 430 693 ihm ernannt wird.
214 676 1465 757 In Würtemberg iſt nun die neue apoſtoliſche Gemeinde von Chriſtof
136 740 1465 806 Hoffmann auf dem Kirſchenhardthof bei Moorbach aus der Landeskirche
136 804 348 853 ausgeſchieden.
220 835 1459 913 Die Geiſtlichen des Fürstenthums Waldeck ſollen nun auf die Unlon ver⸗
133 911 377 960 pflichtet werden.
215 944 1469 1024 Am 15. Januar beging die reform. Kirche von Oſtfriesland in würdiger
134 1008 1457 1077 Weiſe die dreihundertjährige Todesfeier ihres Stifters, Johann von Lasko.
125 1064 1461 1129 Wenn am 19. April die geſammte evangeliſche Kirche Deutſchlands sich des Todes
126 1116 1459 1183 Melanchthon’s erinnert, in welcher Beziehung von den meiſten Kirchenregie⸗
129 1169 1461 1237 rungen bereits Anordnungen getroffen ſind, ſo möge dieſe Feier dazu dienen, jene
137 1220 1459 1291 Einheit aller evangeliſchen Kirchengemeinſchaften, wie ſie Melanchthon noch in
127 1273 1417 1368 der letzten Stunde auf dem Herzen getragen hat, zur Wahrheit werden zu laſſen.
663 1354 943 1480 Bitte.
216 1463 1461 1550 Im Jahre 1601 erſchien zu Herborn „Kurtze einfeltige und allein auf
129 1530 1461 1603 Gottes Wort gegründete Glaubensbekanntnus von denen Hauptpunkten, ſo
129 1586 1455 1655 alle und jede fromme Chriſten zur verſicherung jrer ſeligkeit und beſtendi⸗
137 1638 1457 1708 gem lebendigem troſt zu wiſſen vonnöten haben.” — Dieſes Buch ſoll ſchon
127 1692 1457 1761 1562 zu Heidelberg („durch Ludwig Lück”) gedruckt ſein. Da ich nun bei⸗
133 1745 1457 1814 der Ausgaben dieſer Schrift zur Vollendung einer mit denſelben zuſammen⸗
125 1799 1457 1868 hängenden Unterſuchung benöthigt bin, dieſelben aber auf öffentlichen Biblio⸗
125 1852 1455 1923 theken bisher vergebens geſucht habe, ſo bitte ich diejenigen Leſer dieſes
125 1909 1459 1975 Blattes, welche mir dieſe Bücher vielleicht verſchaffen können, mir dieſelben
129 1968 958 2024 ſo bald als möglich gütigſt zuſenden zu wollen.
206 2022 814 2077 Marburg, den 30. März 1860.
1087 2068 1366 2202 Dr. Heppe.
171 2192 681 2398 Gedruckt bei Sam. Lucas in Elberfeld.
