1501 2586
760 128 806 179 46
117 169 1440 274 allerdings ſehr vermehrt, allein der Noth der hülfloſen Chriſten auch weit umfaſſender
113 269 742 325 unter Gottes Segen abgeholfen werden.
111 313 1445 380 Da wenden wir uns denn mit dem alten Vertrauen an die alte Liebe der
107 372 1439 434 vielen Wohlthäter, welche unſrer Pfleglinge ſich ſo oft ſchon erbarmt, und an alle
113 425 1443 488 chriſtlichen Menſchenfreunde, und bitten im Namen des Vaters der Waiſen und
111 480 1435 541 Wittwen, uns zu Hülfe zu kommen mit Fürbitte und irdiſchen Gaben, mit Geld
112 533 1442 595 und Stoffen zu Betten und Kleidung. Wir hoffen dieſse Kinder des Morgenlandes
111 584 1437 649 vorzugsweiſe zur Förderung des Reichs Gottes im Morgenlande zu erziehen, was
114 639 999 702 unſere Anſtalten im Orient uns ſehr erleichtern werden.
198 691 1443 756 Der in ſeinem heil. Worte ermahnt: „Helfet dem Unterdrückten, ſchaffet dem
111 744 1439 809 Waiſen Recht, helfet der Wittwen Sache!” (Jeſ. 1, 17.), der es „einen reinen und
105 797 1439 863 unbefleckten Gottesdienſt vor Gott, dem Vater, nennt, die Waiſen und Wittwen in
102 850 1440 916 ihrer Trübſal beſuchen,” (Jac. 1, 27.), der da verheißt: „Wer ein ſolches Kind
106 905 1446 970 aufnimmt in meinem Namen, der nimmt mich auf,” (Matth. 18, 5.), der wird auch
113 958 1441 1021 Euch, Ihr Lieben, mit ſeinem reichen Gnadenlohn dafür ſegnen, Euch und Eure
108 1019 252 1068 Kinder*).
193 1058 1092 1130 Kaiſerswerth am Rhein, den 20. September 1860.
319 1120 1365 1198 Die Direktion der Diakoniſſen⸗Anſtalt Dr. Fliedner, Pfarrer.
161 1197 1437 1296 *) Liebesgaben zu dieſem Zweck können unter der nur in Preußen portofreien Rubrik:
216 1287 1437 1342 „Angelegenheiten des Rheiniſch⸗Weſtphäliſchen Diakoniſſen⸗Ver⸗
215 1332 1431 1388 eins,” und mit der Adreſſe: „An die Direktion der Diakoniſſen⸗Anſtalt
203 1378 1432 1434 zu Kaiſerswerth,” (ohne Nennung des Namens eines Direktions⸗Gliedes), uns
208 1424 1440 1480 überſandt werden. Einfache Briefe ſind unter Kreuzband zu ſenden, Geldbriefe mit
209 1470 1431 1527 fünf Siegeln verſchloſſen. Portofreie Pakete müſſen unter 20 Pfd. wiegen. Sowohl
206 1516 1438 1573 die Redaktion der „Allg. kirchl. Zeitſchrift” in Heidelberg als die Verlagshand⸗
203 1564 1429 1618 lung von R. L. Friderichs in Elberfeld erklären ſich mit Vergnügen zur Entgegen⸗
206 1605 1059 1659 nahme von Liebesgaben zu dem angegebenen Zwecke bereit.
277 1700 1260 1808 III. Literariſche Ueberſichten und Anzeigen.
132 1799 1431 1865 Dr. G. Weber. Allgemeine Weltgeſchichte, mit beſonderer Berückſichtigung
218 1856 1432 1920 des Geiſtes⸗ und Culturlebens der Völker und mit Benutzung der neueren
225 1911 1435 1974 geſchichtlichen Forſchungen für die gebildeten Stände bearbeitet. Leipzig,
211 1964 1431 2027 Engelmann, Bd. I.: Geſchichte des Morgenlandes, 1857. S. 788.
224 2018 1428 2081 Bd. II.: Geſchichte des Helleniſchen Volkes, 1859. S. 890. Bd. III.:
220 2071 1424 2132 Geſchichte der alexandriniſch⸗helleniſchen Welt und der römiſchen Republik,
216 2159 724 2189 1860. Erſte Hälfte, S. 400.
172 2180 1430 2253 Ueber den Verfaſſer und ſeinen ſchriftſtelleriſchen Ruf und Beruf brauchen wir
92 2242 1426 2307 den Leſern dieſer Zeitſchrift keine ausführliche Meldung zu thun. Der wiſſenſchaft⸗
92 2294 1434 2361 lichen Welt iſt er längſt bekannt durch ſeine „Geſchichte des Calvinismus bis zur
96 2348 1432 2415 Aufhebung des Edicts von Nantes,” ſowie durch ſeine „Geſchichte der akatholiſchen
86 2402 1432 2456 Kirchen und Secten Englands”. In noch viel weiteren Kreiſen aber iſt ſein Name
