1501 2586
762 108 818 161 60
200 146 1447 258 Zunächſt wäre es nun an der lutheriſchen Kirche des Königreichs Sachſen,
111 240 1447 311 dem Vorgange Preußens in Sachen der Kirchenverfaſſung zu folgen. Anfangs
109 294 1447 365 Juli wurde die große ſächſiſche Kirchenviſitation, die erſte ſeit Beginn des vorigen
116 349 1449 420 Jahrhunderts, vollendet. Kirchengemeinderäthe hatten die Viſitatoren freilich nirgends
107 403 1445 483 zu ſehen bekommen. — Wie dort ſcheinbar tiefe Ruhe, ſo herrſcht dagegen die lebhafteſte
210 469 1041 553 3) unter Leitung des engeren und weiteren Ausſchuſſes:
323 540 1449 602 Die Bedeutung des alten Teſtamentes für die chriſtliche Erkenntniß und die
317 586 1437 645 chriſtliche Bildung überhaupt, eingeleitet durch Herrn Profeſſor Dr. Schlott⸗
318 639 575 686 mann aus Bonn.
209 669 1441 740 4) Begrüßungen und Mittheilungen der „Abgeordneten der verſchiedenen Kirchenge⸗
267 722 1330 786 meinſchaften und Vereine, welche ſich dem Kirchentage angeſchloſſen haben.
560 777 1098 826 Mittwoch, den 12. September.
216 826 1030 876 1) Unter Leitung des engeren und weiteren Ausſchuſſes:
315 864 1443 923 Die Stellung unſerer weltlichen Literatur zum Chriſtenthum und ihr Einfluß
313 911 1441 969 auf unſere Geſellſchaft, eingeleitet durch Herrn Prof. Dr. Lange aus Bonn.
209 956 1123 1015 2) Feier des Miſſionsfeſtes der Rheiniſchen Miſſionsgeſellſchaft.
543 1008 1111 1061 Donnerſtag, den 13. September.
310 1048 1216 1104 Unter Leitung des Central⸗Ausſchuſſes für die innere Miſſion:
208 1105 1439 1154 4) Eröffnung des Congreſſes für innere Miſſion und Berichterſtattung des Präſidiums.
263 1146 872 1186 Herr Ober⸗Conſiſtorialrath Dr. Wichern.
203 1201 1433 1248 2 Die Sammlung und geiſtliche Pflege der lebendigen Glieder der Gemeinde in ihrer
257 1236 1437 1292 Bedeutung für das Werk der innern Miſſion, eingeleitet durch Herrn Conſiſtorial⸗
262 1284 613 1331 rath Carus aus Poſen.
198 1332 1013 1382 3) Erſte Berichterſtattung aus den Spezial⸗Conferenzen.
203 1381 1431 1433 4) Fortſetzung der Begrüßungen und Mittheilungen der Abgeordneten der verſchie⸗
256 1421 1430 1477 denen Kirchengemeinſchaften, Vereine und Anſtalten, welche ſich dem Kirchentage
254 1472 518 1519 angeſchloſſen haben.
562 1512 1080 1570 Freitag, den 14. September.
309 1560 1212 1612 Unter Leitung des Central⸗Ausſchuſſes für die innere Miſſion:
203 1612 1423 1662 1) Die Erziehung des weiblichen Geſchlechts in den arbeitenden Ständen mit beſon⸗
253 1650 1423 1709 derer Rückſicht auf die desfallſigen ſittlichen Aufgaben für die Fabrikbevölkerung,
251 1696 1119 1753 eingeleitet durch Herrn Ober⸗Conſiſtorialrath Dr. Wichern.
197 1752 1435 1802 2 Fortſetzung der Begrüßungen und Mittheilungen der verſchiedenen Kirchengemein⸗
248 1793 1430 1846 ſchaften, Vereine und Anſtalten, welche ſich dem Kirchentage angeſchloſſen haben.
197 1847 1033 1894 3) Zweite Berichterſtattung aus den Spezial⸗Conferenzen.
255 1885 1427 1941 Außerdem hat der Central⸗Ausſchuß für die innere Miſſion über folgende Gegen⸗
202 1934 1424 1987 ſtände Spezial⸗Conferenzen, die zum Theil in näherer Verbindung mit den Haupt⸗
196 1981 1426 2034 thematen des 3. und 4. Tages ſtehen werden, veranlaßt. Dieſelben werden vom
196 2027 1428 2079 11. —14. September in erſt ſpäter zu beſtimmenden Früh⸗ und Nachmittagsſtunden
195 2075 342 2122 ſtattfinden.
192 2111 1428 2174 1) Ueber Erziehungsvereine und Rettungsanſtalten und deren Verhältniß
236 2164 1422 2219 zu einander, unter Leitung des Herrn Paſtors Bräm aus Neukirchen und Direc—
240 2215 678 2262 tors Georgi aus Düſſelthal.
184 2255 1424 2311 2) Ueber die Pflege und Erziehung blödſinniger Kinder, unter Leitung
240 2302 815 2357 des Herrn Paſtors Balke aus Rheydt.
189 2346 1421 2405 3) Ueber die Aufgaben der Schriften⸗Vereine und der Bücher⸗Colportage,
241 2392 994 2441 unter Leitung des Herrn Prof. Krafft aus Bonn.
