<?xml version="1.0" encoding="UTF-8" standalone="yes"?>
<PcGts xmlns="http://schema.primaresearch.org/PAGE/gts/pagecontent/2013-07-15" xmlns:xsi="http://www.w3.org/2001/XMLSchema-instance" xsi:schemaLocation="http://schema.primaresearch.org/PAGE/gts/pagecontent/2013-07-15 http://schema.primaresearch.org/PAGE/gts/pagecontent/2013-07-15/pagecontent.xsd">
    <Metadata>
        <Creator>prov=University of Rostock/Institute of Mathematics/CITlab|PLANET AI GmbH/Gundram Leifert/gundram.leifert@planet-ai.de:name=Noscemus GM 3.0(htr_id=26395)::::v=2.6.7
prov=University of Rostock/Institute of Mathematics/CITlab|PLANET AI GmbH/Tobias Gruening/tobias.gruening@planet-ai.de:name=de.uros.citlab.module.baseline2polygon.B2PSeamMultiOriented:v=2.6.7
prov=University of Rostock/Institute of Mathematics/CITlab|PLANET AI GmbH/Gundram Leifert/gundram.leifert@planet-ai.de:name=Noscemus GM 3.0(htr_id=26395)::::v=2.6.7
prov=University of Rostock/Institute of Mathematics/CITlab|PLANET AI GmbH/Tobias Gruening/tobias.gruening@planet-ai.de:name=de.uros.citlab.module.baseline2polygon.B2PSeamMultiOriented:v=2.6.7
prov=University of Rostock/Institute of Mathematics/CITlab|PLANET AI GmbH/Gundram Leifert/gundram.leifert@planet-ai.de:name=T2I(thresh=0.0;ig_lb=true):v=2.6.6
prov=University of Rostock/Institute of Mathematics/CITlab|PLANET AI GmbH/Tobias Gruening/tobias.gruening@planet-ai.de:name=de.uros.citlab.module.baseline2polygon.B2PSeamMultiOriented:v=2.6.6
prov=University of Rostock/Institute of Mathematics/CITlab|PLANET AI GmbH/Tobias Gruening/tobias.gruening@planet-ai.de:name=/net_tf/LA73_249_0mod360.pb:de.uros.citlab.segmentation.CITlab_LA_ML:v=2.6.6
Transkribus</Creator>
        <Created>2020-11-18T17:26:42.731+01:00</Created>
        <LastChange>2021-05-11T09:13:00.857+02:00</LastChange>
        <TranskribusMetadata docId="541181" pageId="22777163" pageNr="7" tsid="57717607" status="GT" userId="68000" imgUrl="https://files.transkribus.eu/Get?id=IVMMGHKRFVNOQMQRMQQBVGJM&amp;fileType=view" xmlUrl="https://files.transkribus.eu/Get?id=LWVXKCYIKWPALIISLULWWNRI" imageId="17757282"/>
    </Metadata>
    <Page imageFilename="akzs_1860_00078.tif" imageWidth="1502" imageHeight="2610">
        <ReadingOrder>
            <OrderedGroup id="ro_1626328188579" caption="Regions reading order">
                <RegionRefIndexed index="0" regionRef="region_1615973009004_490"/>
                <RegionRefIndexed index="1" regionRef="r1"/>
            </OrderedGroup>
        </ReadingOrder>
        <TextRegion id="region_1615973009004_490" custom="readingOrder {index:0;}">
            <Coords points="760,58 760,109 837,109 837,58"/>
            <TextLine id="line_1615973009132_493" custom="readingOrder {index:0;}">
                <Coords points="761,58 837,59 836,109 760,108"/>
                <Baseline points="760,103 836,104"/>
                <TextEquiv>
                    <Unicode>8</Unicode>
                </TextEquiv>
            </TextLine>
            <TextEquiv>
                <Unicode>8</Unicode>
            </TextEquiv>
        </TextRegion>
        <TextRegion orientation="0.0" id="r1" custom="readingOrder {index:1;}">
            <Coords points="89,172 89,2413 1471,2413 1471,172"/>
            <TextLine id="r1l1" custom="readingOrder {index:0;}">
                <Coords points="1465,185 1397,183 1330,181 1262,179 1195,178 1127,177 1060,176 992,176 925,175 857,175 790,175 723,174 655,174 588,174 520,173 453,173 385,172 318,172 250,170 183,169 116,168 116,211 183,212 250,213 318,215 385,215 453,216 520,216 588,217 655,217 723,217 790,218 857,218 925,218 992,219 1060,219 1127,220 1195,221 1262,222 1330,224 1397,226 1465,228"/>
                <Baseline points="116,196 183,197 250,198 318,200 385,200 453,201 520,201 588,202 655,202 723,202 790,203 857,203 925,203 992,204 1060,204 1127,205 1195,206 1262,207 1330,209 1397,211 1465,213"/>
                <TextEquiv>
                    <Unicode>greift, unter die Aufſicht des Staates geſtellt, und vermöge welcher der Staat</Unicode>
                </TextEquiv>
            </TextLine>
            <TextLine id="r1l2" custom="readingOrder {index:1;}">
                <Coords points="1457,229 1386,226 1316,224 1245,222 1175,220 1104,220 1034,219 963,219 893,218 822,218 752,218 681,218 611,218 540,218 470,217 399,217 329,215 258,214 188,212 118,209 118,261 188,264 258,266 329,267 399,269 470,269 540,270 611,270 681,270 752,270 822,270 893,270 963,271 1034,271 1104,272 1175,272 1245,274 1316,276 1386,278 1457,281"/>
                <Baseline points="118,246 188,249 258,251 329,252 399,254 470,254 540,255 611,255 681,255 752,255 822,255 893,255 963,256 1034,256 1104,257 1175,257 1245,259 1316,261 1386,263 1457,266"/>
                <TextEquiv>
                    <Unicode>von der Dienſtbarkeit gegen die kirchliche Autorität befreit wird. Wie jene</Unicode>
                </TextEquiv>
            </TextLine>
            <TextLine id="r1l3" custom="readingOrder {index:2;}">
                <Coords points="1459,282 1391,279 1324,277 1257,275 1190,274 1123,273 1056,272 989,272 922,271 855,271 788,271 721,271 654,271 587,271 520,270 453,270 386,269 319,268 252,267 185,265 118,263 118,315 185,317 252,319 319,320 386,321 453,322 520,322 587,323 654,323 721,323 788,323 855,323 922,323 989,324 1056,324 1123,325 1190,326 1257,327 1324,329 1391,331 1459,334"/>
                <Baseline points="118,300 185,302 252,304 319,305 386,306 453,307 520,307 587,308 654,308 721,308 788,308 855,308 922,308 989,309 1056,309 1123,310 1190,311 1257,312 1324,314 1391,316 1459,319"/>
                <TextEquiv>
                    <Unicode>Partei ihr Stichwort: „Freiheit der Kirche” verſtand: das zeigte ſich ſofort,</Unicode>
                </TextEquiv>
            </TextLine>
            <TextLine id="r1l4" custom="readingOrder {index:3;}">
                <Coords points="1471,335 1403,333 1336,330 1268,329 1201,327 1133,326 1066,325 998,325 931,324 863,324 796,323 729,323 661,322 594,322 526,322 459,321 391,321 324,320 256,319 189,318 122,316 122,368 189,370 256,371 324,372 391,373 459,373 526,374 594,374 661,374 729,375 796,375 863,376 931,376 998,377 1066,377 1133,378 1201,379 1268,381 1336,382 1403,385 1471,387"/>
                <Baseline points="122,353 189,355 256,356 324,357 391,358 459,358 526,359 594,359 661,359 729,360 796,360 863,361 931,361 998,362 1066,362 1133,363 1201,364 1268,366 1336,367 1403,370 1471,372"/>
                <TextEquiv>
                    <Unicode>nachdem die Hochfluth der politiſchen Bewegung zurückgedrängt und an die</Unicode>
                </TextEquiv>
            </TextLine>
            <TextLine id="r1l5" custom="readingOrder {index:4;}">
                <Coords points="1461,388 1393,386 1326,384 1259,382 1192,381 1125,380 1058,379 991,378 924,377 857,377 790,376 722,376 655,375 588,375 521,374 454,373 387,372 320,371 253,370 186,369 119,367 119,420 186,422 253,423 320,424 387,425 454,426 521,427 588,428 655,428 722,429 790,429 857,430 924,430 991,431 1058,432 1125,433 1192,434 1259,435 1326,437 1393,439 1461,441"/>
                <Baseline points="119,404 186,406 253,407 320,408 387,409 454,410 521,411 588,412 655,412 722,413 790,413 857,414 924,414 991,415 1058,416 1125,417 1192,418 1259,419 1326,421 1393,423 1461,425"/>
                <TextEquiv>
                    <Unicode>Stelle der Ueberſtürzung der Rückſchlag eingetreten war. Kaum war die poli⸗</Unicode>
                </TextEquiv>
            </TextLine>
            <TextLine id="r1l6" custom="readingOrder {index:5;}">
                <Coords points="1465,442 1397,439 1329,437 1262,435 1194,433 1126,432 1059,430 991,429 924,429 856,428 789,427 721,427 653,426 586,426 518,426 451,425 383,425 315,424 248,424 180,423 113,422 113,475 180,476 248,477 315,477 383,478 451,478 518,479 586,479 653,479 721,480 789,480 856,481 924,482 991,482 1059,483 1126,485 1194,486 1262,488 1329,490 1397,492 1465,495"/>
                <Baseline points="113,460 180,461 248,462 315,462 383,463 451,463 518,464 586,464 653,464 721,465 789,465 856,466 924,467 991,467 1059,468 1126,470 1194,471 1262,473 1329,475 1397,477 1465,480"/>
                <TextEquiv>
                    <Unicode>tiſche Erregung nur einigermaßen gedämpft und das Bedürfniß nach Ruhe um</Unicode>
                </TextEquiv>
            </TextLine>
            <TextLine id="r1l7" custom="readingOrder {index:6;}">
                <Coords points="1457,495 1390,494 1323,493 1256,492 1189,490 1122,489 1055,488 988,486 921,485 854,484 787,483 720,482 653,481 586,480 519,479 452,479 385,478 318,478 251,478 184,478 117,479 117,530 184,529 251,529 318,529 385,529 452,530 519,530 586,531 653,532 720,533 787,534 854,535 921,536 988,537 1055,539 1122,540 1189,541 1256,543 1323,544 1390,545 1457,546"/>
                <Baseline points="117,514 184,513 251,513 318,513 385,513 452,514 519,514 586,515 653,516 720,517 787,518 854,519 921,520 988,521 1055,523 1122,524 1189,525 1256,527 1323,528 1390,529 1457,530"/>
                <TextEquiv>
                    <Unicode>jeden Preis bei den erſchreckten Regierungen und den abgeſpannten Bevölke⸗</Unicode>
                </TextEquiv>
            </TextLine>
            <TextLine id="r1l8" custom="readingOrder {index:7;}">
                <Coords points="1461,547 1393,546 1326,544 1258,543 1191,541 1124,540 1056,539 989,537 921,536 854,535 787,534 719,533 652,532 584,531 517,530 450,530 382,529 315,529 247,529 180,529 113,529 113,582 180,582 247,582 315,582 382,582 450,583 517,583 584,584 652,585 719,586 787,587 854,588 921,589 989,590 1056,592 1124,593 1191,594 1258,596 1326,597 1393,599 1461,600"/>
                <Baseline points="113,566 180,566 247,566 315,566 382,566 450,567 517,567 584,568 652,569 719,570 787,571 854,572 921,573 989,574 1056,576 1124,577 1191,578 1258,580 1326,581 1393,583 1461,584"/>
                <TextEquiv>
                    <Unicode>rungen vorherrſchend geworden, ſo erſchien eine Denkſchrift des katho⸗</Unicode>
                </TextEquiv>
            </TextLine>
            <TextLine id="r1l9" custom="readingOrder {index:8;}">
                <Coords points="1457,601 1389,599 1322,597 1255,596 1188,594 1120,593 1053,591 986,590 919,588 851,587 784,586 717,585 650,584 582,583 515,582 448,581 381,580 313,580 246,580 179,579 112,579 112,632 179,632 246,633 313,633 381,633 448,634 515,635 582,636 650,637 717,638 784,639 851,640 919,641 986,643 1053,644 1120,646 1188,647 1255,649 1322,650 1389,652 1457,654"/>
                <Baseline points="112,617 179,617 246,618 313,618 381,618 448,619 515,620 582,621 650,622 717,623 784,624 851,625 919,626 986,628 1053,629 1120,631 1188,632 1255,634 1322,635 1389,637 1457,639"/>
                <TextEquiv>
                    <Unicode>liſchen Episcopates im Märzmonat 1851. Die Forderung, welche der</Unicode>
                </TextEquiv>
            </TextLine>
            <TextLine id="r1l10" custom="readingOrder {index:9;}">
                <Coords points="1457,655 1389,654 1322,653 1255,652 1188,650 1121,649 1054,647 987,646 920,645 853,643 786,642 719,640 652,639 585,638 518,637 451,636 384,635 317,635 250,634 183,634 116,634 116,685 183,685 250,685 317,686 384,686 451,687 518,688 585,689 652,690 719,691 786,693 853,694 920,696 987,697 1054,698 1121,700 1188,701 1255,703 1322,704 1389,705 1457,706"/>
                <Baseline points="116,669 183,669 250,669 317,670 384,670 451,671 518,672 585,673 652,674 719,675 786,677 853,678 920,680 987,681 1054,682 1121,684 1188,685 1255,687 1322,688 1389,689 1457,690"/>
                <TextEquiv>
                    <Unicode>Episcopat in derſelben an die Staatsgewalt ſtellte, läßt ſich kurz dahin zuſam⸗</Unicode>
                </TextEquiv>
            </TextLine>
            <TextLine id="r1l11" custom="readingOrder {index:10;}">
                <Coords points="1461,707 1393,706 1326,704 1259,703 1192,702 1125,700 1058,699 991,697 924,696 857,694 790,693 723,692 656,690 589,689 522,688 455,687 388,686 321,685 254,684 187,683 120,683 120,736 187,736 254,737 321,738 388,739 455,740 522,741 589,742 656,743 723,745 790,746 857,747 924,749 991,750 1058,752 1125,753 1192,755 1259,756 1326,757 1393,759 1461,760"/>
                <Baseline points="120,720 187,720 254,721 321,722 388,723 455,724 522,725 589,726 656,727 723,729 790,730 857,731 924,733 991,734 1058,736 1125,737 1192,739 1259,740 1326,741 1393,743 1461,744"/>
                <TextEquiv>
                    <Unicode>menfaſſen: er verlangte völlige Unabhängigkeit der katholiſchen</Unicode>
                </TextEquiv>
            </TextLine>
            <TextLine id="r1l12" custom="readingOrder {index:11;}">
                <Coords points="1459,761 1391,760 1324,758 1257,757 1189,755 1122,753 1055,752 987,750 920,749 853,747 786,746 718,745 651,743 584,742 516,741 449,740 382,739 314,738 247,737 180,736 113,735 113,787 180,788 247,789 314,790 382,791 449,792 516,793 584,794 651,795 718,797 786,798 853,799 920,801 987,802 1055,804 1122,805 1189,807 1257,809 1324,810 1391,812 1459,813"/>
                <Baseline points="113,772 180,773 247,774 314,775 382,776 449,777 516,778 584,779 651,780 718,782 786,783 853,784 920,786 987,787 1055,789 1122,790 1189,792 1257,794 1324,795 1391,797 1459,798"/>
                <TextEquiv>
                    <Unicode>Kirche von der Staatsgewalt und ein Dienſtverhältniß des Staa⸗</Unicode>
                </TextEquiv>
            </TextLine>
            <TextLine id="r1l13" custom="readingOrder {index:12;}">
                <Coords points="1461,814 1393,813 1326,811 1258,809 1191,808 1124,807 1056,805 989,803 922,802 854,801 787,799 720,798 652,797 585,796 518,794 450,793 383,792 316,791 248,790 181,789 114,788 114,840 181,841 248,842 316,843 383,844 450,845 518,846 585,848 652,849 720,850 787,851 854,853 922,854 989,855 1056,857 1124,859 1191,860 1258,861 1326,863 1393,865 1461,866"/>
                <Baseline points="114,825 181,826 248,827 316,828 383,829 450,830 518,831 585,833 652,834 720,835 787,836 854,838 922,839 989,840 1056,842 1124,844 1191,845 1258,846 1326,848 1393,850 1461,851"/>
                <TextEquiv>
                    <Unicode>tes gegenüber der katholischen Kirche. Namentlich ſechs Punlte traten</Unicode>
                </TextEquiv>
            </TextLine>
            <TextLine id="r1l14" custom="readingOrder {index:13;}">
                <Coords points="1331,866 1266,864 1202,863 1138,862 1074,860 1010,859 946,858 881,856 817,855 753,854 689,852 625,851 561,850 496,849 432,847 368,846 304,846 240,845 176,844 112,844 112,896 176,896 240,897 304,898 368,898 432,899 496,901 561,902 625,903 689,904 753,906 817,907 881,908 946,910 1010,911 1074,912 1138,914 1202,915 1266,916 1331,918"/>
                <Baseline points="112,879 176,879 240,880 304,881 368,881 432,882 496,884 561,885 625,886 689,887 753,889 817,890 881,891 946,893 1010,894 1074,895 1138,897 1202,898 1266,899 1331,901"/>
                <TextEquiv>
                    <Unicode>in jenem Aktenſtück als die dringendſten kirchlichen Forderungen hervor:</Unicode>
                </TextEquiv>
            </TextLine>
            <TextLine id="r1l15" custom="readingOrder {index:14;}">
                <Coords points="1455,919 1390,917 1326,916 1262,914 1198,912 1134,910 1070,909 1006,907 942,906 878,905 814,903 750,902 686,900 622,899 558,898 494,896 430,895 366,894 302,893 238,891 174,890 174,946 238,947 302,949 366,950 430,951 494,952 558,954 622,955 686,956 750,958 814,959 878,961 942,962 1006,963 1070,965 1134,966 1198,968 1262,970 1326,972 1390,973 1455,975"/>
                <Baseline points="174,930 238,931 302,933 366,934 430,935 494,936 558,938 622,939 686,940 750,942 814,943 878,945 942,946 1006,947 1070,949 1134,950 1198,952 1262,954 1326,956 1390,957 1455,959"/>
                <TextEquiv>
                    <Unicode>1) Abſchaffung des ſtaatlichen Placet, völlige Freiheit des</Unicode>
                </TextEquiv>
            </TextLine>
            <TextLine id="r1l16" custom="readingOrder {index:15;}">
                <Coords points="1453,976 1388,974 1324,971 1260,969 1196,968 1132,966 1068,965 1003,963 939,962 875,960 811,959 747,958 683,957 618,956 554,954 490,953 426,952 362,950 298,949 234,947 234,999 298,1001 362,1002 426,1004 490,1005 554,1006 618,1008 683,1009 747,1010 811,1011 875,1012 939,1014 1003,1015 1068,1017 1132,1018 1196,1020 1260,1021 1324,1023 1388,1026 1453,1028"/>
                <Baseline points="234,984 298,986 362,987 426,989 490,990 554,991 618,993 683,994 747,995 811,996 875,997 939,999 1003,1000 1068,1002 1132,1003 1196,1005 1260,1006 1324,1008 1388,1011 1453,1013"/>
                <TextEquiv>
                    <Unicode>Verkehrs der kirchlichen Organe mit dem römiſchen Stuhle;</Unicode>
                </TextEquiv>
            </TextLine>
            <TextLine id="r1l17" custom="readingOrder {index:16;}">
                <Coords points="1449,1029 1381,1027 1314,1025 1247,1023 1179,1022 1112,1020 1045,1018 977,1017 910,1016 843,1014 775,1013 708,1011 641,1010 573,1009 506,1007 439,1006 371,1005 304,1004 237,1002 170,1001 170,1053 237,1054 304,1056 371,1057 439,1058 506,1059 573,1061 641,1062 708,1063 775,1065 843,1066 910,1068 977,1069 1045,1070 1112,1072 1179,1074 1247,1075 1314,1077 1381,1079 1449,1081"/>
                <Baseline points="170,1038 237,1039 304,1041 371,1042 439,1043 506,1044 573,1046 641,1047 708,1048 775,1050 843,1051 910,1053 977,1054 1045,1055 1112,1057 1179,1059 1247,1060 1314,1062 1381,1064 1449,1066"/>
                <TextEquiv>
                    <Unicode>2) Unbedingte Freiheit im Cultus und allen dahin gehörigen</Unicode>
                </TextEquiv>
            </TextLine>
            <TextLine id="r1l18" custom="readingOrder {index:17;}">
                <Coords points="1451,1082 1390,1081 1329,1079 1268,1078 1207,1077 1146,1075 1085,1074 1025,1073 964,1071 903,1070 842,1069 781,1068 720,1066 659,1065 599,1064 538,1063 477,1062 416,1061 355,1060 294,1058 234,1057 234,1110 294,1111 355,1113 416,1114 477,1115 538,1116 599,1117 659,1118 720,1119 781,1121 842,1122 903,1123 964,1124 1025,1126 1085,1127 1146,1128 1207,1130 1268,1131 1329,1132 1390,1134 1451,1135"/>
                <Baseline points="234,1094 294,1095 355,1097 416,1098 477,1099 538,1100 599,1101 659,1102 720,1103 781,1105 842,1106 903,1107 964,1108 1025,1110 1085,1111 1146,1112 1207,1114 1268,1115 1329,1116 1390,1118 1451,1119"/>
                <TextEquiv>
                    <Unicode>Anordnungen (Feſte, Wallfahrten, Proceſſionen), in Er⸗</Unicode>
                </TextEquiv>
            </TextLine>
            <TextLine id="r1l19" custom="readingOrder {index:18;}">
                <Coords points="1450,1136 1389,1135 1328,1134 1268,1132 1207,1131 1146,1130 1086,1128 1025,1127 964,1126 904,1124 843,1123 782,1122 722,1121 661,1119 600,1118 540,1117 479,1116 418,1114 358,1113 297,1112 237,1111 237,1161 297,1162 358,1163 418,1164 479,1166 540,1167 600,1168 661,1169 722,1171 782,1172 843,1173 904,1174 964,1176 1025,1177 1086,1178 1146,1180 1207,1181 1268,1182 1328,1184 1389,1185 1450,1186"/>
                <Baseline points="237,1149 297,1150 358,1151 418,1152 479,1154 540,1155 600,1156 661,1157 722,1159 782,1160 843,1161 904,1162 964,1164 1025,1165 1086,1166 1146,1168 1207,1169 1268,1170 1328,1172 1389,1173 1450,1174"/>
                <TextEquiv>
                    <Unicode>richtung von Genoſſenſchaften, Orden, Klöſtern, Stiften,</Unicode>
                </TextEquiv>
            </TextLine>
            <TextLine id="r1l20" custom="readingOrder {index:19;}">
                <Coords points="793,1186 764,1185 736,1184 708,1183 680,1182 652,1181 623,1181 595,1180 567,1179 539,1179 511,1178 482,1178 454,1177 426,1176 398,1176 370,1176 341,1175 313,1174 285,1174 257,1173 229,1172 229,1211 257,1212 285,1213 313,1213 341,1214 370,1215 398,1215 426,1215 454,1216 482,1217 511,1217 539,1218 567,1218 595,1219 623,1220 652,1220 680,1221 708,1222 736,1223 764,1224 793,1225"/>
                <Baseline points="229,1200 257,1201 285,1202 313,1202 341,1203 370,1204 398,1204 426,1204 454,1205 482,1206 511,1206 539,1207 567,1207 595,1208 623,1209 652,1209 680,1210 708,1211 736,1212 764,1213 793,1214"/>
                <TextEquiv>
                    <Unicode>Abhaltung von Miſſionen;</Unicode>
                </TextEquiv>
            </TextLine>
            <TextLine id="line_1615973270601_527" custom="readingOrder {index:20;}">
                <Coords points="169,1226 215,1226 1458,1261 1458,1297 1396,1296 225,1268 169,1261"/>
                <Baseline points="169,1252 215,1252 225,1253 286,1254 348,1255 409,1256 471,1257 533,1258 594,1260 656,1261 718,1263 779,1265 841,1266 903,1268 964,1270 1026,1271 1088,1273 1149,1275 1211,1276 1273,1278 1334,1279 1396,1281 1458,1282"/>
                <TextEquiv>
                    <Unicode>3) Unbedingte Gewalt über den Klerus und deſſen Erziehung</Unicode>
                </TextEquiv>
            </TextLine>
            <TextLine id="r1l23" custom="readingOrder {index:21;}">
                <Coords points="1449,1298 1388,1297 1327,1295 1266,1294 1205,1292 1144,1291 1083,1289 1022,1287 961,1285 900,1283 839,1281 778,1279 717,1277 656,1276 595,1274 534,1272 473,1271 412,1270 351,1269 290,1268 229,1268 229,1317 290,1317 351,1318 412,1319 473,1320 534,1321 595,1323 656,1325 717,1326 778,1328 839,1330 900,1332 961,1334 1022,1336 1083,1338 1144,1340 1205,1341 1266,1343 1327,1344 1388,1346 1449,1347"/>
                <Baseline points="229,1305 290,1305 351,1306 412,1307 473,1308 534,1309 595,1311 656,1313 717,1314 778,1316 839,1318 900,1320 961,1322 1022,1324 1083,1326 1144,1328 1205,1329 1266,1331 1327,1332 1388,1334 1449,1335"/>
                <TextEquiv>
                    <Unicode>vom zwölften Altersjahre an, nach den Beſtimmungen</Unicode>
                </TextEquiv>
            </TextLine>
            <TextLine id="r1l24" custom="readingOrder {index:22;}">
                <Coords points="1019,1347 979,1346 940,1345 900,1343 861,1342 822,1341 782,1340 743,1339 703,1338 664,1337 625,1336 585,1335 546,1334 506,1333 467,1332 428,1332 388,1331 349,1330 309,1330 270,1329 231,1329 231,1366 270,1366 309,1367 349,1367 388,1368 428,1369 467,1369 506,1370 546,1371 585,1372 625,1373 664,1374 703,1375 743,1376 782,1377 822,1378 861,1379 900,1380 940,1382 979,1383 1019,1384"/>
                <Baseline points="231,1357 270,1357 309,1358 349,1358 388,1359 428,1360 467,1360 506,1361 546,1362 585,1363 625,1364 664,1365 703,1366 743,1367 782,1368 822,1369 861,1370 900,1371 940,1373 979,1374 1019,1375"/>
                <TextEquiv>
                    <Unicode>der Kirchenverſammlung von Trient;</Unicode>
                </TextEquiv>
            </TextLine>
            <TextLine id="line_1615973301691_536" custom="readingOrder {index:23;}">
                <Coords points="170,1383 475,1389 719,1395 1329,1414 1451,1418 1451,1457 231,1425 170,1415"/>
                <Baseline points="170,1405 212,1407 231,1410 292,1410 353,1411 414,1412 475,1413 536,1415 597,1416 658,1418 719,1419 780,1421 841,1423 902,1425 963,1427 1024,1429 1085,1431 1146,1433 1207,1435 1268,1437 1329,1438 1390,1440 1451,1442"/>
                <TextEquiv>
                    <Unicode>4) Leitung und Ueberwachung des geſammten Schul⸗ und</Unicode>
                </TextEquiv>
            </TextLine>
            <TextLine id="r1l27" custom="readingOrder {index:24;}">
                <Coords points="1449,1458 1387,1456 1326,1454 1265,1452 1204,1450 1143,1448 1082,1446 1020,1444 959,1442 898,1441 837,1439 776,1437 715,1435 654,1433 592,1432 531,1431 470,1429 409,1428 348,1427 287,1426 226,1426 226,1479 287,1479 348,1480 409,1481 470,1482 531,1484 592,1485 654,1486 715,1488 776,1490 837,1492 898,1494 959,1495 1020,1497 1082,1499 1143,1501 1204,1503 1265,1505 1326,1507 1387,1509 1449,1511"/>
                <Baseline points="226,1463 287,1463 348,1464 409,1465 470,1466 531,1468 592,1469 654,1470 715,1472 776,1474 837,1476 898,1478 959,1479 1020,1481 1082,1483 1143,1485 1204,1487 1265,1489 1326,1491 1387,1493 1449,1495"/>
                <TextEquiv>
                    <Unicode>Unterrichtsweſens, auch der Univerſitäten, insbeſondere</Unicode>
                </TextEquiv>
            </TextLine>
            <TextLine id="r1l28" custom="readingOrder {index:25;}">
                <Coords points="1445,1512 1384,1510 1323,1508 1262,1507 1201,1505 1141,1503 1080,1501 1019,1499 958,1497 897,1495 837,1493 776,1491 715,1489 654,1487 593,1486 533,1484 472,1483 411,1481 350,1480 289,1479 229,1478 229,1522 289,1523 350,1524 411,1525 472,1527 533,1528 593,1530 654,1531 715,1533 776,1535 837,1537 897,1539 958,1541 1019,1543 1080,1545 1141,1547 1201,1549 1262,1551 1323,1552 1384,1554 1445,1556"/>
                <Baseline points="229,1516 289,1517 350,1518 411,1519 472,1521 533,1522 593,1524 654,1525 715,1527 776,1529 837,1531 897,1533 958,1535 1019,1537 1080,1539 1141,1541 1201,1543 1262,1545 1323,1546 1384,1548 1445,1550"/>
                <TextEquiv>
                    <Unicode>der katholiſch⸗theologiſchen und der philoſophiſchen Fa⸗</Unicode>
                </TextEquiv>
            </TextLine>
            <TextLine id="r1l29" custom="readingOrder {index:26;}">
                <Coords points="415,1557 387,1556 360,1555 333,1555 306,1555 279,1554 252,1553 225,1551 225,1579 252,1581 279,1582 306,1583 333,1583 360,1583 387,1584 415,1585"/>
                <Baseline points="225,1566 252,1568 279,1569 306,1570 333,1570 360,1570 387,1571 415,1572"/>
                <TextEquiv>
                    <Unicode>kultäten;</Unicode>
                </TextEquiv>
            </TextLine>
            <TextLine id="line_1615973345467_546" custom="readingOrder {index:27;}">
                <Coords points="166,1585 216,1586 1453,1630 1453,1664 1391,1663 1207,1660 191,1629 166,1628"/>
                <Baseline points="166,1617 191,1618 216,1618 227,1620 288,1621 349,1622 410,1624 472,1625 533,1627 594,1629 656,1631 717,1633 778,1636 840,1638 901,1640 962,1643 1023,1645 1085,1647 1146,1649 1207,1651 1269,1652 1330,1653 1391,1654 1453,1655"/>
                <TextEquiv>
                    <Unicode>5) Wiederherſtellung der kirchlichen Ehegerichtsbarkeit nach</Unicode>
                </TextEquiv>
            </TextLine>
            <TextLine id="r1l32" custom="readingOrder {index:28;}">
                <Coords points="729,1664 703,1663 678,1662 653,1662 627,1661 602,1660 577,1659 551,1659 526,1658 501,1658 476,1657 450,1656 425,1656 400,1655 374,1654 349,1654 324,1653 298,1652 273,1652 248,1651 223,1650 223,1683 248,1684 273,1685 298,1685 324,1686 349,1687 374,1687 400,1688 425,1689 450,1689 476,1690 501,1691 526,1691 551,1692 577,1692 602,1693 627,1694 653,1695 678,1695 703,1696 729,1697"/>
                <Baseline points="223,1671 248,1672 273,1673 298,1673 324,1674 349,1675 374,1675 400,1676 425,1677 450,1677 476,1678 501,1679 526,1679 551,1680 577,1680 602,1681 627,1682 653,1683 678,1683 703,1684 729,1685"/>
                <TextEquiv>
                    <Unicode>dem kanoniſchen Rechte;</Unicode>
                </TextEquiv>
            </TextLine>
            <TextLine id="line_1615973348798_550" custom="readingOrder {index:29;}">
                <Coords points="166,1695 221,1696 1449,1736 1449,1776 1327,1775 1205,1772 233,1741 166,1733"/>
                <Baseline points="166,1723 193,1725 221,1724 233,1726 293,1727 354,1727 415,1728 476,1730 537,1732 597,1734 658,1736 719,1738 780,1741 841,1743 901,1746 962,1748 1023,1751 1084,1753 1145,1755 1205,1757 1266,1758 1327,1760 1388,1760 1449,1761"/>
                <TextEquiv>
                    <Unicode>6) Selbſtſtändige Verwaltung und Verwendung des kirch⸗</Unicode>
                </TextEquiv>
            </TextLine>
            <TextLine id="r1l35" custom="readingOrder {index:30;}">
                <Coords points="1227,1777 1174,1775 1121,1773 1069,1771 1016,1769 964,1767 911,1765 858,1763 806,1760 753,1758 701,1756 648,1755 596,1753 543,1751 490,1750 438,1748 385,1747 333,1747 280,1746 228,1746 228,1797 280,1797 333,1798 385,1798 438,1799 490,1801 543,1802 596,1804 648,1806 701,1807 753,1809 806,1811 858,1814 911,1816 964,1818 1016,1820 1069,1822 1121,1824 1174,1826 1227,1828"/>
                <Baseline points="228,1781 280,1781 333,1782 385,1782 438,1783 490,1785 543,1786 596,1788 648,1790 701,1791 753,1793 806,1795 858,1798 911,1800 964,1802 1016,1804 1069,1806 1121,1808 1174,1810 1227,1812"/>
                <TextEquiv>
                    <Unicode>lichen Vermögens durch die Organe der Kirche.</Unicode>
                </TextEquiv>
            </TextLine>
            <TextLine id="r1l36" custom="readingOrder {index:31;}">
                <Coords points="1449,1829 1385,1828 1322,1828 1259,1826 1196,1825 1133,1823 1069,1820 1006,1819 943,1816 880,1814 817,1811 753,1809 690,1807 627,1805 564,1803 501,1801 437,1800 374,1799 311,1798 248,1798 185,1799 185,1853 248,1852 311,1852 374,1853 437,1854 501,1855 564,1857 627,1859 690,1861 753,1863 817,1865 880,1868 943,1870 1006,1873 1069,1874 1133,1877 1196,1879 1259,1880 1322,1882 1385,1882 1449,1883"/>
                <Baseline points="185,1837 248,1836 311,1836 374,1837 437,1838 501,1839 564,1841 627,1843 690,1845 753,1847 817,1849 880,1852 943,1854 1006,1857 1069,1858 1133,1861 1196,1863 1259,1864 1322,1866 1385,1866 1449,1867"/>
                <TextEquiv>
                    <Unicode>Dabei genügte es jedoch der Denkſchrift nicht, von dem Staate lediglich</Unicode>
                </TextEquiv>
            </TextLine>
            <TextLine id="r1l37" custom="readingOrder {index:32;}">
                <Coords points="1437,1884 1369,1883 1302,1881 1235,1879 1168,1877 1101,1875 1033,1872 966,1870 899,1867 832,1866 765,1863 697,1861 630,1859 563,1857 496,1855 429,1853 361,1851 294,1850 227,1849 160,1848 93,1848 93,1901 160,1901 227,1902 294,1903 361,1904 429,1906 496,1908 563,1910 630,1912 697,1914 765,1916 832,1919 899,1920 966,1923 1033,1925 1101,1928 1168,1930 1235,1932 1302,1934 1369,1936 1437,1937"/>
                <Baseline points="93,1886 160,1886 227,1887 294,1888 361,1889 429,1891 496,1893 563,1895 630,1897 697,1899 765,1901 832,1904 899,1905 966,1908 1033,1910 1101,1913 1168,1915 1235,1917 1302,1919 1369,1921 1437,1922"/>
                <TextEquiv>
                    <Unicode>Verzichtleiſtung auf ſeine ausgeübten Rechte zu fordern, in der Weiſe,</Unicode>
                </TextEquiv>
            </TextLine>
            <TextLine id="r1l38" custom="readingOrder {index:33;}">
                <Coords points="1449,1938 1381,1937 1313,1936 1245,1934 1178,1932 1110,1930 1042,1928 975,1926 907,1923 839,1921 772,1919 704,1917 636,1915 568,1913 501,1911 433,1909 365,1908 298,1906 230,1906 162,1905 95,1905 95,1956 162,1956 230,1957 298,1957 365,1959 433,1960 501,1962 568,1964 636,1966 704,1968 772,1970 839,1972 907,1974 975,1977 1042,1979 1110,1981 1178,1983 1245,1985 1313,1987 1381,1988 1449,1989"/>
                <Baseline points="95,1941 162,1941 230,1942 298,1942 365,1944 433,1945 501,1947 568,1949 636,1951 704,1953 772,1955 839,1957 907,1959 975,1962 1042,1964 1110,1966 1178,1968 1245,1970 1313,1972 1381,1973 1449,1974"/>
                <TextEquiv>
                    <Unicode>daß die Kirche nunmehr als eine freie Corporation, wie z. B. in Bel⸗</Unicode>
                </TextEquiv>
            </TextLine>
            <TextLine id="r1l39" custom="readingOrder {index:34;}">
                <Coords points="1441,1990 1373,1989 1306,1987 1239,1986 1172,1984 1105,1981 1037,1979 970,1977 903,1975 836,1973 769,1971 701,1969 634,1967 567,1965 500,1964 433,1962 365,1961 298,1960 231,1959 164,1959 97,1959 97,2011 164,2011 231,2011 298,2012 365,2013 433,2014 500,2016 567,2017 634,2019 701,2021 769,2023 836,2025 903,2027 970,2029 1037,2031 1105,2033 1172,2036 1239,2038 1306,2039 1373,2041 1441,2042"/>
                <Baseline points="97,1996 164,1996 231,1996 298,1997 365,1998 433,1999 500,2001 567,2002 634,2004 701,2006 769,2008 836,2010 903,2012 970,2014 1037,2016 1105,2018 1172,2021 1239,2023 1306,2024 1373,2026 1441,2027"/>
                <TextEquiv>
                    <Unicode>gien, mit eigenen Mitteln und Kräften ſich fortzuhelfen und ihre Macht nicht</Unicode>
                </TextEquiv>
            </TextLine>
            <TextLine id="r1l40" custom="readingOrder {index:35;}">
                <Coords points="1445,2043 1378,2042 1311,2040 1244,2039 1177,2037 1110,2035 1043,2033 976,2031 909,2029 842,2027 775,2025 708,2023 641,2022 574,2020 507,2018 440,2017 373,2015 306,2014 239,2013 172,2012 105,2011 105,2063 172,2064 239,2065 306,2066 373,2067 440,2069 507,2070 574,2072 641,2074 708,2075 775,2077 842,2079 909,2081 976,2083 1043,2085 1110,2087 1177,2089 1244,2091 1311,2092 1378,2094 1445,2095"/>
                <Baseline points="105,2048 172,2049 239,2050 306,2051 373,2052 440,2054 507,2055 574,2057 641,2059 708,2060 775,2062 842,2064 909,2066 976,2068 1043,2070 1110,2072 1177,2074 1244,2076 1311,2077 1378,2079 1445,2080"/>
                <TextEquiv>
                    <Unicode>weiter auszudehnen geſucht hätte als ihr moraliſcher Einfluß reichte. Sie</Unicode>
                </TextEquiv>
            </TextLine>
            <TextLine id="r1l41" custom="readingOrder {index:36;}">
                <Coords points="1445,2096 1377,2095 1310,2094 1242,2093 1175,2091 1108,2089 1040,2088 973,2086 905,2084 838,2082 771,2080 703,2079 636,2076 568,2075 501,2073 434,2071 366,2070 299,2068 231,2067 164,2065 97,2065 97,2117 164,2117 231,2119 299,2120 366,2122 434,2123 501,2125 568,2127 636,2128 703,2131 771,2132 838,2134 905,2136 973,2138 1040,2140 1108,2141 1175,2143 1242,2145 1310,2146 1377,2147 1445,2148"/>
                <Baseline points="97,2101 164,2101 231,2103 299,2104 366,2106 434,2107 501,2109 568,2111 636,2112 703,2115 771,2116 838,2118 905,2120 973,2122 1040,2124 1108,2125 1175,2127 1242,2129 1310,2130 1377,2131 1445,2132"/>
                <TextEquiv>
                    <Unicode>verlangte vielmehr, daß der Staat der Kirche zum Zwecke der zwangsweiſen</Unicode>
                </TextEquiv>
            </TextLine>
            <TextLine id="r1l42" custom="readingOrder {index:37;}">
                <Coords points="1445,2149 1378,2148 1311,2147 1244,2145 1177,2144 1110,2142 1043,2141 976,2139 909,2137 842,2135 775,2133 708,2131 641,2129 574,2127 507,2126 440,2124 373,2122 306,2120 239,2119 172,2117 105,2116 105,2169 172,2170 239,2172 306,2173 373,2175 440,2177 507,2179 574,2180 641,2182 708,2184 775,2186 842,2188 909,2190 976,2192 1043,2194 1110,2195 1177,2197 1244,2198 1311,2200 1378,2201 1445,2202"/>
                <Baseline points="105,2153 172,2154 239,2156 306,2157 373,2159 440,2161 507,2163 574,2164 641,2166 708,2168 775,2170 842,2172 909,2174 976,2176 1043,2178 1110,2179 1177,2181 1244,2182 1311,2184 1378,2185 1445,2186"/>
                <TextEquiv>
                    <Unicode>Ausführung ihrer Forderungen ſeinen Arm leihe, um ihren Willen mit</Unicode>
                </TextEquiv>
            </TextLine>
            <TextLine id="r1l43" custom="readingOrder {index:38;}">
                <Coords points="1445,2203 1378,2202 1311,2201 1244,2199 1177,2198 1110,2196 1043,2194 976,2193 909,2191 842,2189 775,2187 708,2185 641,2183 574,2181 507,2179 440,2177 373,2175 306,2173 239,2171 172,2169 105,2167 105,2219 172,2221 239,2223 306,2225 373,2227 440,2229 507,2231 574,2233 641,2235 708,2237 775,2239 842,2241 909,2243 976,2245 1043,2246 1110,2248 1177,2250 1244,2251 1311,2253 1378,2254 1445,2255"/>
                <Baseline points="105,2204 172,2206 239,2208 306,2210 373,2212 440,2214 507,2216 574,2218 641,2220 708,2222 775,2224 842,2226 909,2228 976,2230 1043,2231 1110,2233 1177,2235 1244,2236 1311,2238 1378,2239 1445,2240"/>
                <TextEquiv>
                    <Unicode>ſtaatlicher Hülfe durchzuführen. Wo z. B. die katholiſche Kirche neue Feſte</Unicode>
                </TextEquiv>
            </TextLine>
            <TextLine id="r1l44" custom="readingOrder {index:39;}">
                <Coords points="1439,2256 1371,2255 1304,2253 1237,2252 1170,2251 1103,2249 1036,2248 969,2246 902,2245 835,2243 768,2241 701,2239 634,2237 567,2236 500,2234 433,2231 366,2229 299,2227 232,2224 165,2221 98,2218 98,2271 165,2274 232,2277 299,2280 366,2282 433,2284 500,2287 567,2289 634,2290 701,2292 768,2294 835,2296 902,2298 969,2299 1036,2301 1103,2302 1170,2304 1237,2305 1304,2306 1371,2308 1439,2309"/>
                <Baseline points="98,2255 165,2258 232,2261 299,2264 366,2266 433,2268 500,2271 567,2273 634,2274 701,2276 768,2278 835,2280 902,2282 969,2283 1036,2285 1103,2286 1170,2288 1237,2289 1304,2290 1371,2292 1439,2293"/>
                <TextEquiv>
                    <Unicode>einführte oder ehemalige wiederherſtellte: da ſollten die Katholiken von der</Unicode>
                </TextEquiv>
            </TextLine>
            <TextLine id="r1l45" custom="readingOrder {index:40;}">
                <Coords points="1437,2310 1370,2309 1303,2308 1236,2306 1169,2305 1102,2304 1035,2302 968,2301 901,2300 834,2298 767,2296 700,2294 633,2292 566,2290 499,2288 432,2286 365,2284 298,2281 231,2278 164,2275 97,2272 97,2324 164,2327 231,2330 298,2333 365,2336 432,2338 499,2340 566,2342 633,2344 700,2346 767,2348 834,2350 901,2352 968,2353 1035,2354 1102,2356 1169,2357 1236,2358 1303,2360 1370,2361 1437,2362"/>
                <Baseline points="97,2309 164,2312 231,2315 298,2318 365,2321 432,2323 499,2325 566,2327 633,2329 700,2331 767,2333 834,2335 901,2337 968,2338 1035,2339 1102,2341 1169,2342 1236,2343 1303,2345 1370,2346 1437,2347"/>
                <TextEquiv>
                    <Unicode>Staatsgewalt gezwungen werden, zu feiern und die Nicht⸗Feiernden ſollten</Unicode>
                </TextEquiv>
            </TextLine>
            <TextLine id="r1l46" custom="readingOrder {index:41;}">
                <Coords points="1445,2363 1377,2363 1309,2363 1241,2362 1173,2361 1106,2360 1038,2359 970,2357 902,2355 834,2353 767,2351 699,2349 631,2347 563,2344 495,2341 428,2339 360,2336 292,2334 224,2331 156,2329 89,2327 89,2368 156,2370 224,2372 292,2375 360,2377 428,2380 495,2382 563,2385 631,2388 699,2390 767,2392 834,2394 902,2396 970,2398 1038,2400 1106,2401 1173,2402 1241,2403 1309,2404 1377,2404 1445,2404"/>
                <Baseline points="89,2364 156,2366 224,2368 292,2371 360,2373 428,2376 495,2378 563,2381 631,2384 699,2386 767,2388 834,2390 902,2392 970,2394 1038,2396 1106,2397 1173,2398 1241,2399 1309,2400 1377,2400 1445,2400"/>
                <TextEquiv>
                    <Unicode>dem weltlichen Strafrechte verfallen; ja nicht nur die Katholiken, auch die in</Unicode>
                </TextEquiv>
            </TextLine>
            <TextEquiv>
                <Unicode>greift, unter die Aufſicht des Staates geſtellt, und vermöge welcher der Staat
von der Dienſtbarkeit gegen die kirchliche Autorität befreit wird. Wie jene
Partei ihr Stichwort: „Freiheit der Kirche” verſtand: das zeigte ſich ſofort,
nachdem die Hochfluth der politiſchen Bewegung zurückgedrängt und an die
Stelle der Ueberſtürzung der Rückſchlag eingetreten war. Kaum war die poli⸗
tiſche Erregung nur einigermaßen gedämpft und das Bedürfniß nach Ruhe um
jeden Preis bei den erſchreckten Regierungen und den abgeſpannten Bevölke⸗
rungen vorherrſchend geworden, ſo erſchien eine Denkſchrift des katho⸗
liſchen Episcopates im Märzmonat 1851. Die Forderung, welche der
Episcopat in derſelben an die Staatsgewalt ſtellte, läßt ſich kurz dahin zuſam⸗
menfaſſen: er verlangte völlige Unabhängigkeit der katholiſchen
Kirche von der Staatsgewalt und ein Dienſtverhältniß des Staa⸗
tes gegenüber der katholischen Kirche. Namentlich ſechs Punlte traten
in jenem Aktenſtück als die dringendſten kirchlichen Forderungen hervor:
1) Abſchaffung des ſtaatlichen Placet, völlige Freiheit des
Verkehrs der kirchlichen Organe mit dem römiſchen Stuhle;
2) Unbedingte Freiheit im Cultus und allen dahin gehörigen
Anordnungen (Feſte, Wallfahrten, Proceſſionen), in Er⸗
richtung von Genoſſenſchaften, Orden, Klöſtern, Stiften,
Abhaltung von Miſſionen;
3) Unbedingte Gewalt über den Klerus und deſſen Erziehung
vom zwölften Altersjahre an, nach den Beſtimmungen
der Kirchenverſammlung von Trient;
4) Leitung und Ueberwachung des geſammten Schul⸗ und
Unterrichtsweſens, auch der Univerſitäten, insbeſondere
der katholiſch⸗theologiſchen und der philoſophiſchen Fa⸗
kultäten;
5) Wiederherſtellung der kirchlichen Ehegerichtsbarkeit nach
dem kanoniſchen Rechte;
6) Selbſtſtändige Verwaltung und Verwendung des kirch⸗
lichen Vermögens durch die Organe der Kirche.
Dabei genügte es jedoch der Denkſchrift nicht, von dem Staate lediglich
Verzichtleiſtung auf ſeine ausgeübten Rechte zu fordern, in der Weiſe,
daß die Kirche nunmehr als eine freie Corporation, wie z. B. in Bel⸗
gien, mit eigenen Mitteln und Kräften ſich fortzuhelfen und ihre Macht nicht
weiter auszudehnen geſucht hätte als ihr moraliſcher Einfluß reichte. Sie
verlangte vielmehr, daß der Staat der Kirche zum Zwecke der zwangsweiſen
Ausführung ihrer Forderungen ſeinen Arm leihe, um ihren Willen mit
ſtaatlicher Hülfe durchzuführen. Wo z. B. die katholiſche Kirche neue Feſte
einführte oder ehemalige wiederherſtellte: da ſollten die Katholiken von der
Staatsgewalt gezwungen werden, zu feiern und die Nicht⸗Feiernden ſollten
dem weltlichen Strafrechte verfallen; ja nicht nur die Katholiken, auch die in</Unicode>
            </TextEquiv>
        </TextRegion>
    </Page>
</PcGts>
