1497 2586
688 68 743 127 33
49 112 1385 225 milden Beurtheilung mahnen, immer kleinlauter werden. Wenn Hebich die⸗
47 211 1377 277 jenigen, deren Chriſtenthum nicht lauter iſt „Heiden” nannte, ſo war das
51 264 1375 329 nicht richtig. Wir wollen nicht davon reden, daß die Taufe ein unveräußer⸗
55 315 1379 383 liches Anrecht auf den Chriſtennamen verleiht; aber auch ſonſt ſoll der Pre⸗
53 367 1380 436 diger des Evangeliums nicht vergeſſen, daß er deſſen Wort verkündigt, von
55 420 1380 488 dem der Geiſt der Weiſſagung ſpricht: „Er wird nicht ſchreien, noch rufen,
47 472 1381 542 und ſeine Stimme wird man nicht hören auf den Gaſſen, das zerſtoßene Rohr
53 526 1371 596 wird er nicht zerbrechen und das glimmende Tocht wird er nicht auslöſchen.”
51 582 1383 650 (Jeſ. 42, 22.) Er ſoll auch nicht unberückſichtigt laſſen, daß die göttliche
53 632 1379 703 Wahrheit der menſchlichen Vermittelung mit dem Menſchenherzen bedarf, daß
59 686 1377 756 ſie es an irgend einem Punkte anfaſſen muß, wo es noch zu faſſen iſt; und
47 738 1379 810 ein allzu ſcharfes Richten und Verwerfen auch da, wo doch vielleicht ein ver⸗
55 790 1377 864 borgener Zug des Vaters zum Sohne iſt, kann es nicht dazu führen, daß
53 841 1387 917 verderbt wird, worin noch ein Segen war? Wir wollen nicht davon reden, daß
53 895 1383 969 unſere neuere Theologie in ernſter Arbeit nach einem neuen Ausdruck ringt, um
51 949 1383 1021 die alte Wahrheit mit friſcher Kraft dem Verſtändniſſe unſerer Zeitgenoſſen aufzu⸗
51 1005 1379 1073 ſchließen; eben deshalb können wir es auch nicht loben, wenn ohne alle Zuhülfe⸗
43 1054 1369 1126 nahme der Ergebniſſe gewiſſenhaft prüfender Wiſſenſchaft das Wort Gottes aus⸗
53 1113 1371 1178 gelegt, wenn unter dieſen Umſtänden, auch beim aufrichtigſten Willen des Ausle⸗
47 1164 1372 1231 gers, gar Vieles in die Bibel hineingelegt wird, was nicht Gottes Wort iſt.
121 1218 1380 1285 Darüber aber freuen wir uns von Herzen, daß ein treuer Diener Chriſti,
45 1264 1382 1341 trotz ſeiner Schwächen und Mängel, Schutz und Beiſtand gegen rohe Gewalt
49 1321 1375 1394 gefunden hat. Dabei erkennen wir jedoch in dem ganzen Vorgange und auch
51 1374 1381 1446 in den 42 ungünſtigen Stimmen des Großen Rathes zu Baſel eine ernſte
53 1427 1381 1499 Lehre und Warnung. Auch der beſte Eifer allein thut es noch nicht; chriſtliche
53 1479 1381 1552 Weisheit und Wiſſenſchaft ſind unentbehrlich; das Evangelium iſt keine alt⸗
53 1531 1377 1605 teſtamentliche Zuchtruthe; wir ſtehen nicht mehr unter dem Geſetze des Buch⸗
49 1585 1371 1658 ſtabens, ſondern unter dem Geſetze des Geiſtes. Vorübergehende Erſchütte⸗
51 1637 1371 1711 rungen, die durch mehr ſinnliche Eindrücke hervorgerufen werden, bleiben öfters
47 1692 1379 1762 ohne nachhaltige Wirkung. Dagegen thut uns eine Erneuerung unſeres Volks⸗
47 1743 1377 1815 lebens aus der Tiefe des chriſtlichen Bewußtſeins, aus dem Geiſte der Wahr⸗
45 1796 1373 1867 heit und der Freiheit unſeres Erlöſers, es thut uns auch eine Wiedergeburt
47 1847 1379 1920 unſeres Proteſtantismus durchaus Noth. Das Feuer des Elias flammt, ſengt
49 1901 1373 1973 und verzehrt; bitten wir Gott um das Feuer des heiligen Geiſtes, das er⸗
48 1950 544 2043 leuchtet, reinigt und erwärmt.
307 2039 1117 2142 ll. Kirchliche Mittheilungen.
50 2116 1373 2198 * Aus Preußen. Unſere kirchlichen Angelegenheiten ſind ſeit meinem letzten
45 2172 1371 2246 Berichte um keinen Schritt vorgerückt, ſie ſind ſogar um einen Schritt zurückgegan⸗
50 2238 1375 2304 gen. *) Daß die Regierung in der Verfaſſungsangelegenheit umſichtig auftreten und
90 2299 1373 2370 *) Der Herr Correſpondent kannte den neueſten Erlaß betreffend die Einführung der
143 2362 1064 2401 Gemeindeordnung und Kreisſynoden vom 15. März noch nicht.
194 2398 313 2432 1860. III.
1047 2432 1080 2439 3
