1501 2586
749 108 821 157 64
193 156 1444 249 Allerdings ſind unter den 500 Liedern manche nur zum Leſen geeignet. Wenn
122 248 1440 303 wir nun damit vollkommen einverſtanden ſind, daß ein Geſangbuch auch ſolche Lieder
115 302 1449 356 enthalten müſſe, die nur geleſen werden können, weil das Geſangbuch eben auch
120 354 1443 409 das vornehmſte häusliche Andachtsbuch iſt, ſo können wir dagegen unſer Bedenken
122 409 1439 462 über die Länge mancher Lieder nicht unterdrücken, die doch nicht von dem Geſange
115 461 1450 515 in der Kirche ſollen ausgeſchloſſen ſein. Wann wird z. B. das treffliche Lied von
113 514 1443 568 B. Craſſelius „Heil’ger Jeſu, Heil’gungsquelle” geſungen werden können, da es
122 566 1444 621 99 Zeilen enthält, wann Paul Gerhard's „Ein Lämmlein geht”, da es 100
119 619 1447 674 Zeilen hat? Wir glauben, daß dieſe Lieder und viele Andere durch Kürzung ent⸗
129 671 530 727 ſchieden gewinnen würden.
199 725 1449 780 Schließlich ſprechen wir dem verehrten Herausgeber unſern Dank und unſere
115 779 1451 834 Freude darüber aus, daß er in ſo gründlicher und trefflicher Weiſe die deutſche
119 833 1442 888 Hymnologie über das Meer verpflanzt hat, und glauben, daß das Buch als An⸗
118 887 1144 941 dachtsbuch in weitern Kreiſen wird willkommen geheißen werden.
1038 938 1367 1009 Dr. J. Geffcken.
150 1008 1444 1091 Friedrich Fabri: Die neueſten Erweckungen in Amerika, Irland und anderen
241 1090 1174 1144 Ländern. Barmen, Langewieſche, 1860. 62 Seiten.
197 1142 1447 1198 Obwohl ſonſt keineswegs immer einverſtanden mit den Anſichten des Herrn
120 1195 1452 1251 Miſſions⸗Inſpectors Fabri, können wir doch das vorliegende Büchlein Allen, denen
119 1249 1454 1304 es um ein geſundes, nüchternes, chriſtliches Urtheil über die in Frage
117 1302 1449 1358 ſtehenden Erſcheinungen zu thun iſt, nur empfehlen. Sowohl das, was über das
119 1354 1454 1411 Gedankenloſe der Redensart „Gebet um allgemeine Ausgießung des heiligen Geiſtes
119 1409 1456 1465 über alles Fleiſch” im Allgemeinen, als was über den wirklichen Charakter der
119 1463 1448 1519 „Niederſchmetterungen”, „Erweckungen” u. ſ. w. insbeſondere geſagt wird, iſt uns
119 1516 1450 1572 ganz aus dem Herzen geſchrieben. „Es hat hier offenbar eine gewaltſame Unter⸗
120 1571 1454 1624 drückung des eigenen Willensvermögens ſtatt. So lange dies der Fall iſt, und
113 1623 1444 1678 jene gewaltige, nervöſe Erregung nachzittert, kann ſicherlich von keiner eigent⸗
117 1675 1450 1732 lichen Bekehrung die Rede ſein, denn die Bekehrung richtet ſich auf den freien,
113 1729 1456 1786 innerſten Willenstrieb des Menſchen” (S. 71). Doch wir verweiſen unſere Leſer
119 1783 1450 1840 auf das Büchlein ſelbſt und danken es dem Herrn Verfaſſer, daß er der herrſchenden
124 1836 1449 1894 frommen Mode in dieſem Stücke als ein im nüchternen Glauben ſtehender Mann
117 1890 1453 1947 in’s Angeſicht widerſprochen hat. Es verſteht ſich von ſelbſt, daß wir damit die
117 1943 1455 2001 Bedeutung, welche den ſ. g Erweckungen als auffallende und beachtenswerthe
121 1994 1451 2072 „Zeichen der Zeit” zukommen, keineswegs wollen in den Hintergrund geſtellt wiſſen.
459 2070 1114 2162 IV. Kirchliche Chronik.
206 2156 1457 2214 Am Tage der Uebergabe von Ancona hat der Papſt im Conſiſtorium wieder
124 2207 1456 2257 eine ſ. g. Allocution gehalten, worin er uns ſeine Lage beſchreibt. Das von den
122 2251 1458 2299 Piemonteſen vernichtete Heer habe nicht aus „Söldlingen” beſtanden, vielmehr
120 2292 1458 2342 habe er, als Oberhaupt der Kirche, eine große Anzahl von Ausländern, „die
118 2335 1458 2386 von ihrem religiöſen Eifer ſich gedrungen fühlten, die Kirche zu vertheidigen,
122 2377 1456 2420 mit offenen Armen aufgenommen;” eine Niederlage dieſes Heeres, habe man nicht
