1497 2586
293 225 1068 376 Ankündigung
631 396 761 456 zum
464 462 926 541 zweiten Jahrgang
646 573 742 624 der
79 640 1349 798 Allgemeinen kirchlichen Zeitſchrift.
524 794 878 941 Ein Organ
667 938 741 1018 für
195 1017 1187 1116 die evangeliſche Geiſtlichkeit und Gemeinde.
493 1115 898 1238 Unter Mitwirkung von
31 1228 1359 1301 Dr. Baur in Gießen, Dr. Heppe in Marburg, Lic. Holtzmann in
31 1296 1349 1354 Heidelberg, Dr. Jacobi in Halle, Superintendent Neuenhaus in Halle
319 1351 1064 1414 Dr. Steitz in Frankfurt a. M. u. v. A.
521 1412 854 1488 herausgegeben
655 1487 723 1565 von
380 1561 1018 1641 Profeſſor Dr. Daniel Schenkel,
142 1633 1242 1726 Großherzoglich badiſchem Kirchenrath, Seminar⸗Director und erſtem Univerſitätsprediger.
112 1793 1358 1867 Die „Allgemeine kirchliche Zeitſchrift” wird im nächſten
31 1853 1360 1920 Jahre ihren zweiten Jahrgang antreten. Wie uns der Erfolg
35 1905 1363 1974 unſeres Blattes beweiſt, ſo iſt daſſelbe einem wirklichen Bedürfniſſe
31 1956 1359 2027 der evangeliſchen Geiſtlichkeit und Gemeinde zur rechten Zeit
37 2011 1353 2081 entgegengekommen. Es hat an vielfachen Aufmunterungen und ſtärkenden
39 2061 1357 2135 Erfahrungen auf dem von uns beſchrittenen Wege nicht gefehlt, und nicht nur
37 2114 1359 2189 in der Studierſtube gelehrter Theologen und praktiſcher Geiſtlichen, ſondern
35 2168 1353 2243 namentlich auch in den Kreiſen gebildeter Gemeindeglieder, voranſtrebender
41 2221 1351 2297 Lehrer, chriſtlich geſinnter Frauen hat unſer Blatt freundliche Aufnahme und
31 2270 1355 2350 ununterbrochen wachſende Theilnahme gefunden. Zu aufrichtigem Danke
35 2325 1357 2403 ſind wir den vielen trefflichen Mitarbeitern und Correſpondenten im deutſchen
33 2374 1360 2456 Vaterlande wie in dem Auslande verbunden, welche uns mit Beiträgen reichlich
1030 2441 1100 2491 1
171 2450 280 2492 1860. X.
