1502 2610
790 73 844 136 18
133 130 1486 233 und Ruhm ſo reich, hat wohl eine Zeitlang frivolen Spott mit der Kirche
136 226 1473 287 getrieben, dann mit rohem Fanatismus gegen alle Religion gewüthet, und
127 281 1487 338 endlich dem römiſchen Syſteme mit allen ſeinen Irrthümern und Mängeln
128 331 1482 391 ohne alle Reform wieder Thür und Thor geöffnet. Nur in Deutſchland ſind
167 384 1481 444 — mit einigen wenigen Ausnahmen — in der Regel die religiöſen Fragen
137 437 1479 497 mit würdigem Anſtande und entſprechendem Ernſte behandelt worden, und auch
138 489 1474 550 da, wo die herkömmlichen Ueberzeugungen bekämpft, wo leider der Kern des
132 541 1477 603 Chriſtenthums ſelbſt in Frage geſtellt wurde, haben die Deutſchen wenigſtens
127 596 1473 657 den Weg ſtrenger und mühevoller wiſſenſchaftlicher Unterſuchung nicht verlaſſen.
222 644 1473 710 Aber Das iſt es ja eben, was man uns vorwirft, was viele fromme
130 698 1475 763 Chriſten in unſerm Vaterlande ſo tief beklagen, daß die ſchrankenloſe Forſchung
128 752 1473 815 unvermeidlich den Irrthum erzengt, daß die Wahrheit, die man zu ergründen
130 805 1479 869 vorgiebt, ſich dem Forſcher oft gerade verbirgt, daß kein feſtes kirchliches Her⸗
130 857 1477 924 kommen, keine unerſchütterliche, ja faſt keine unerſchütterte Ueberzeugung mehr
125 912 1473 978 beſtehen kann, wo die Wiſſenſchaft den ganzen Kreis der kirchlichen Lehren und
129 967 1473 1031 Einrichtungen zu einem Gegenſtande ihrer ruheloſen Arbeit gemacht hat und
129 1022 1479 1082 immerfort auf’s Neue wieder macht. Es iſt ja gerade die Frage: ob der freien
132 1072 1479 1136 Forſchung — wenigſtens unter den Lehrern und Dienern der Kirche — nicht
130 1126 1473 1192 größere Schranken gezogen, ob die Kirche nicht vor den Ausſchreitungen der
129 1173 1459 1244 Wiſſenſchaft beſſer geſchützt werden ſollte?
207 1258 1485 1297 Der Kern dieſer Frage läßt ſich ganz einfach auch ſo ausdrücken: kann
130 1281 1473 1350 das deutſche Volk ſeinen religiöſen Beruf, die Wahrheit zu erforſchen, in
124 1334 1469 1401 Wirklichkeit erfüllen ohne Freiheit der Forſchung? Die Antwort hier⸗
126 1386 1471 1455 auf lautet: Ohne Freiheit keine Wahrheit, vor Allem die Wahrheit nicht, die
130 1438 1476 1509 die Reformatoren uns erkämpft, für die ſie alles Andere hingegeben haben.
133 1492 1481 1563 Was iſt Wahrheit? hat einſt Pilatus zu dem geſagt, der darauf erwidern
126 1546 1472 1616 konnte: „Ich bin die Wahrheit.” Wie merkwürdig aber, daß Chriſtus die
130 1598 1477 1670 Wahrheit nicht als einen Lehrſatz ausgeſprochen, nicht unter die Formel eines
129 1651 1467 1726 Begriffes oder einer Vorſtellung gebracht hat. Sie iſt eben Leben, per⸗
137 1701 1449 1782 ſönliches Leben. Der Dichter hat Necht, wenn er ſagt:
367 1768 1232 1813 Wenn ihr’s nicht fühlt, ihr werdet’s nicht erjagen,
364 1820 1004 1877 Wenn es nicht aus der Seele dringt,
365 1871 875 1915 Und mit urkräftigem Behagen
362 1926 1016 1987 Die Herzen aller Hörer zwingt. . . .
360 1981 1025 2038 Ja, eure Reden, die ſo blinkend ſind,
360 2033 1179 2096 In denen ihr der Menſchheit Schnitzel kräuſelt,
361 2089 1022 2147 Sind unerquicklich wie der Nebelwind,
357 2135 1175 2206 Der herbſtlich durch die dürren Blätter ſäuſelt.
209 2191 1473 2263 Und tiefer und kürzer noch ſagt es die heilige Schrift: „Das Reich Gottes
121 2241 1473 2318 ſtehet nicht in Worten, ſondern in Kraft” (1. Cor. 4, 20). Die
123 2299 1475 2368 religiöſe, die höchſte Wahrheit, der Wahrheitsmittelpunkt, hat eben darum
132 2352 1477 2410 Perſon werden und in der vollendeten Erſcheinung des Gottmen⸗
