1502 2610
778 76 826 132 30
215 125 1473 229 Eine noch wichtigere Aufgabe, welche die Politik der Concordate uns Pro⸗
125 219 1472 284 teſtanten auferlegt, iſt die Erneuerung unſerer eigenen Kirche nach
129 274 1469 336 den Grundſätzen der Reformation. Wenn falſche Grundſätze wieder
131 329 1477 390 nenen Boden gewinnen wollen, ſo laſſen ſich dieſelben nur durch käftige Gel⸗
125 381 1463 444 tendmachung der richtigen überwinden. Die proteſtantiſche Kirche kann ſich
121 433 1469 497 nicht länger der ernſten Pflicht entziehen, ſich auf ſich ſelbſt zu ſtellen
121 488 1469 548 und aus ſich ſelbſt neu zu geſtalten. Der Raum erlaubt uns in die⸗
126 538 1470 602 ſem Aufſatze nicht mehr, die für unſere kirchliche Gegenwart ſo hochwichtige
128 591 1476 653 Frage nach der den Bedürfniſſen der Zeit entſprechenden Reform der evan⸗
129 644 1477 707 geliſchen Kirche näher zu beleuchten.*) Wir müſſen ſie auf ein ſpäteres Heft
127 693 1475 763 verſparen. Unterdeſſen rufen wir Geiſtlichen und Gemeindegenoſſen
126 747 1463 817 in der evangeliſchen Kirche das apoſtoliſche Mahnwort zu (1. Cor. 16, 13):
199 802 1461 866 Wachet, ſtehet im Glauben, ſeid männlich und ſeid ſtark.
392 1059 1201 1106 ll. Kirchliche Mittheilungen.
205 1105 1473 1186 * Aus Preußen. Ihre Leſer vernehmen in dieſer kirchlich bewegten Zeit
113 1168 1465 1239 wohl nicht ungern eine Stimme aus dem deutſchen proteſtantiſchen Großſtaate. Iſt
119 1223 1461 1291 meine Stimme auch nur die eines Einzelnen, ſo glaube ich doch unter dem Treiben
124 1274 1465 1345 der Parteien und den Kämpfen der verſchiedenen Richtungen manches Wahre, und
120 1328 1457 1398 Zutreffende herausgehört zu haben. Ob wir ſeit einem Jahre in Preußen in kirch⸗
123 1381 1461 1451 licher Beziehung vorwärts gekommen ſeien? fragte mich dieſer Tage ein Freund.
124 1435 1465 1505 Die Frage iſt etwas verfänglich. In dem Stande unſerer Parteien hat ſich noch
122 1488 1467 1559 nichts abgeklärt. Seit dem Wechſel des Cultusminiſteriums ſind die Anſprüche
124 1541 1463 1612 der hochkirchlichen Vartei keineswegs geringer geworden; ihr Ton hat ſich hin und
114 1594 1457 1665 wieder eher noch etwas verbittert, die Zahl der Mitglieder auf ihren Zuſammen⸗
116 1647 1465 1720 künften dagegen etwas vermindert; aber Herſtellung des reinen unverküm⸗
124 1702 1457 1774 merten Iutheriſchen Bekenntniſſes, und in Folge deſſen Beſeitigung
114 1760 1465 1825 der Union und namentlich ihres Rechtsbeſtandes, welchem der Rechtsbeſtand der
122 1809 1465 1880 Confeſſion als damit unverträglich entgegen gehalten wird, das iſt das Stichwort,
121 1867 1465 1933 welches die Führer auf ihre Fahnen geſchrieben haben. Dr. Stahl hat in ſeinem
109 1919 1463 1986 bekannten Buche: „Die lutheriſche Kirche und die Union”, das u. A. auch in Dr.
120 1974 1462 2039 Stier vor Kurzem einen würdigen und tüchtigen Gegner gefunden hat, den
119 2027 1469 2092 Streitgedanken der Partei ausgeſprochen. Man kann ihn wohl mit den Wor⸗
113 2077 1461 2146 ten ausdrücken: Gelinde Auflöſung der Union unter einſtweiliger
113 2128 1455 2200 Beibehaltung des combinirten Kirchenregimentes; vereinigte Pflege
119 2182 1459 2259 der beiden Confeſſionen, ſo nämlich, daß die lutheriſchen Mitglieder des Evangeli⸗
163 2243 1459 2322 *) Man vergl. die eben erſchienene Schrift: Dr. Schenkel, die Erneuerung der deut⸗
215 2307 1457 2368 ſchen Evangeliſchen Kirche nach den Grundſätzen der Reformation. Gotha, Friedrich
209 2358 648 2401 Andreas Perthes, 1860.
