1501 2586
787 96 847 148 64
136 142 1478 243 borough ſeinen, vom Biſchof von Oxford tapfer unterſtützten, Antrag auf
146 237 1472 297 Aufhebung gewiſſer Zuſtände in Indien wieder fallen laſſen, da er keinen günſtigen
142 292 1472 350 Erfolg dafür hoffen konnte. Um nämlich die Heiden bei guter Laune zu erhalten,
144 344 1474 404 iſt das Leſen der Bibel in allen indiſchen Staatsſchulen verboten. Gerne knüpfen
146 398 1472 458 wir an dieſe wenig ehrenvolle Thatſache die erfreuliche Nachricht, daß es dem eng⸗
140 450 1474 511 liſchen Miniſter gelungen iſt, die Freiſprechung des in Spanien verurtheilten Bibel⸗
140 505 1472 564 Colporteurs Escalante zu erwirken. — Endlich hat in dieſen Tagen, von den
144 558 1476 618 Sympathieen der ganzen evangeliſchen Chriſtenheit begleitet und freudig zurückblickend
146 614 1470 672 auf eine, an Thaten und Opfern überreiche, Geſchichte, die ſchottiſche Kirche
139 667 1016 766 ihr dreihundertjähriges Reformationsjubiläum gefeiert.
587 766 1036 913 Druckberichtigungen
189 909 1412 968 in der Correſpondenz: Aus Schleswig, in der „Allg. kirchl. Zeitschrift.”
563 965 1060 1022 Heft 6. Seite 20 u. flgde.
253 1031 1219 1077 Seite 22, Zeile 9, ſtatt Heyeſen, ſoll ſtehen: Heynſen.
287 1075 1215 1117 „ „ „ 22. „ Nelſen, „ „  Neelſen.
289 1123 1260 1173 „ „ „ 28, „ Schneefeld, „ „ Schenefeld.
291 1172 1195 1219 „ 23 „ 17, „ Maus, „ „ Mau’s.
296 1220 1219 1265 „ „ „ 24, „ Hegenſen, „ „ Heynſen.
301 1264 1181 1314 „ „ „ „ „ Haak, „ „ Haack.
297 1309 1220 1359 „ „ „ 25, „ Hegenſen, „ „ Heynſen.
294 1359 1169 1398 „ „ „ 28, „ Haak, „ „ Haack.
291 1402 1256 1446 „ „ „ 34, „ Dieckmann, „ „ Diekmann.
292 1452 1309 1497 „ „ „ 41, „ Kaufmann, „ „ v. Kauffmann.
299 1491 1307 1544 „ 24, „ 21, „ Dr. Aswiſſen, „ „ Dr. Asmuſſen.
295 1539 1286 1586 „ „ „ 22, „ Prof. Janſen, „ „ Prof. Jenſen.
300 1584 1274 1633 „ 25, „ 3, „ Schneefeld, „ „ Schenefeld.
308 1628 1204 1679 „ „ „ 42, „ Haaſen, „ „ Hanſen.
298 1678 1249 1721 „ „ „ „ „ Grumby, „ „ Grumbye.
293 1726 1291 1769 „ 26, „ 24, „ Aſcherfeldt, „ „ Asſchenfeldt.
297 1770 1249 1814 „ „ „ 25, „ Joedkirch, „ „ Jordkirch.
300 1818 1240 1866 „ „ „ 27, „ Ijelfrez, „ „ Fjelſtrup.
304 1863 1305 1914 „ „ „ „ „ N. S. Boeſen, „ „ U. S. Boeſen.
296 1905 1409 1959 „ „ „ 40, „ og Miſſionsblad, „ „ Religions⸗ og Miſ⸗
1064 1957 1251 2002 ſionsblad.
293 1999 1199 2045 „ 28, „ 7, „Boeſee, „ „ Boeſen.
295 2049 1187 2093 „ „ „ 8, „ Meier, „ „ Meyer.
289 2096 1222 2144 „ „ „ 25, „ Hegeſen, „ „ Heynſen.
297 2140 1220 2180 „ „ „ 30, „ Hegeſen, „ „ Heynſen.
203 2338 708 2417 Gedruckt bei Sam. Lucas in Elberfeld.
