1497 2610
678 88 720 141 61
27 114 1361 243 ſchen Lehrbegriffes gibt es z. B. noch heute, über die noch kein einigermaßen über⸗
29 218 1367 296 einſtimmendes Urtheil ermöglicht iſt! Wir erinnern an die Erbſündenlehre, an die
29 273 1363 349 pſychologiſchen Vorausſetzungen und ganz beſonders an die Lehre von der Perſon
21 323 1361 402 und dem Werke Chriſti. Und nicht viel anders verhält es ſich auch mit den
25 380 1364 455 Johanneiſchen Schriften, zu deren theilweiſer Aufhellung indeſſen auch der eben
25 431 1364 508 erſchienene Commentar über die Apokalypſe von Düſterdieck das Seine beitragen
23 485 1367 562 wird. Sehen wir aber gar auf das A. Teſtament, ſo ſtimmen ja alle Bearbeiter
23 536 1357 617 dieſes Feldes in dem Bekenntniſſe überein, daß wir noch ein gutes Stück Weg
25 593 1367 669 vor uns haben, bis die erſte „Theologie des A. T.” auf gleichmäßig geſicherten
29 645 919 722 Grundlagen der Kritik und Auslegung erſcheinen kann.
95 699 1364 779 Ebenfalls nur auf geſichertem Grunde der Auslegung können ſich die ſ. g.
25 752 1363 832 Einleitungswiſſenſchaften erheben. Die große, zuerſt faſt auf tragiſchen Ausgang
27 809 1361 884 deutende Unterbrechung, die in den ruhigen Entwicklungsgang dieſer Wiſſenſchaft
19 858 1355 937 durch die kirchlich⸗ und dogmenhiſtoriſchen Aufſtellungen der Tübinger Schule ein⸗
19 914 1363 992 getreten iſt, iſt nun als der Hauptſache nach geſchloſſen anzuſehen. Die Ergebniſſe
23 964 1355 1047 der Schule ſind ſowohl in der nun zu Ende gediehenen Reihe der „theologiſchen
23 1023 1357 1099 Jahrbücher”, als in größeren Werken der Meiſter niedergelegt. Was von der Art
19 1077 1363 1152 in der „Zeitſchrift für wiſſenſchaftliche Theologie” noch zum Vorſcheine kommt, das
23 1125 1353 1207 hat doch mehr nur die Bedeutung nachträglichen Hin⸗ und Widerredens. Baur
29 1184 1353 1259 ſelbſt aber ſcheint ſich, ſeinen letzten Werken über die ſechs erſten chriſtlichen Jahr⸗
19 1234 1357 1313 hunderte zufolge, wieder vorwiegend den kirchen⸗ und dogmengeſchichtlichen Unter⸗
27 1288 1355 1367 ſuchungen zuzuwenden, woſelbſt in viel höherem Grade, als auf dem Gebiet neuteſta⸗
19 1338 1349 1421 mentlicher Kritik, bleibende Früchte ſeines beinahe raſtloſen Fleißes zu erwarten ſind.
87 1404 1351 1474 Im Uebrigen begrüßen wir, was die Einleitungswiſſenſchaften betrifft, hier
15 1443 1359 1529 mit Freuden die dritte, bereits das Jahr 1860 tragende, Ausgabe der „Geſchichte
23 1500 1355 1582 der heiligen Schriften des A. T.” von Reuß. Dieſelbe unterſcheidet ſich zwar
21 1553 1351 1636 nirgends weſentlich von der vor ſieben Jahren erſchienenen zweiten, gehört aber immerfort
15 1605 1353 1689 noch zu den lehrreichſten Schriften, die wir auf dieſem Gebiete beſitzen. Ueber die
23 1663 1351 1741 Behandlungsweiſe der Sache rechten wir vielleicht ſpäter einmal mit dem Verfaſſer.
23 1713 1351 1793 Ein „Studentenbuch” aber iſt es im beſten Sinne des Wortes. Nur freilich
25 1766 1349 1846 kann der wichtigſte, erſte Theil ohne die nachhelfende und auseinanderlegende Hand
19 1818 1343 1899 eines vortragenden Wegweiſers kaum in rechter Weiſe aufgefaßt und angeeignet werden.
87 1882 1343 1952 Am meiſten Noth hat in letzten Jahren den Studirenden die altteſtamentliche
25 1923 1351 2007 Einleitung gemacht. Das Lehrbuch von de Wette iſt wenigſtens zum Selbſtſtudium
17 1973 1341 2061 zu kurz und darum ungenügend, das Hävernick’ſche Werk aber zeichnet ſich in ſeinen
19 2027 1345 2116 erſten Theilen durch hartnäckiges „Gelbſehen”, in den ſpäteren, von Keil herrührenden,
19 2079 1345 2170 aber durch eine, öfters beinahe unverſchämt werdende Keckheit im Nichtallesſagen
11 2130 1349 2224 und Vielverſchweigen ſo unvortheilhaft aus, daß es nur zur Verwirrung des Wahr⸗
17 2182 1343 2279 heitsſinnes und ſomit zur Demoraliſation der ſtudirenden Jugend beitragen kann.
17 2237 1343 2333 Es gereicht uns daher zur Befriedigung, hier auf die, bis auf nächſtes Frühjahr
11 2286 1343 2389 erſcheinenden, mit unendlichem Fleiße gearbeiteten und überarbeiteten Vorleſungen
11 2343 1345 2430 des, leider zu früh uns entriſſenen, Conſiſtorialrath Bleek hinweiſen zu können.
