1497 2610
547 205 868 278 l. Aufſätze.
25 244 1381 403 Der deutſche Staat, das römiſche Kirchenthum
165 383 1233 497 und der evangeliſche Proteſtantismus.
676 487 724 537 1.
543 487 847 609 Ein Rückblick.
105 584 1367 677 Es iſt eine doppelte Anforderung, welche gegenwärtig an die evangeliſch⸗
27 646 1371 733 proteſtantiſche Kirche Deutſchlands ergeht. Sie ſoll auf der einen Seite an
21 701 1371 786 ihren eignen innern Aufbau denken; ſie hat auf der andern ſich ihrer äußeren
29 757 1363 837 Unabhängigkeit und Selbſtſtändigkeit zu erwehren; daß ſie das Eine thue und
23 814 1051 886 das Andere nicht laſſe, das iſt ihre ernſte zwiefache Pflicht.
93 862 1363 944 Die Stellung der deutſchen Proteſtanten zum römiſchen Katholicismus iſt
15 912 1359 999 unzweifelhaft ſeit den letzten zehn Jahren eine weſentlich andere geworden. Vor
23 970 1361 1051 dem Jahr 1848 übte die Staatsgewalt über die katholiſche wie über die prote⸗
27 1022 1351 1104 ſtantiſche Kirche ein faſt unumſchränktes Aufſichtsrecht aus. Die joſephiniſchen
25 1076 1353 1155 Grundſätze waren in den kirchlichen Geſetzgebungen allmälig herrſchend gewor⸗
15 1127 1355 1210 den. Der Staat miſchte ſich zwar nicht in die katholiſche Glaubenslehre und
19 1179 1357 1264 in die innern Verhältniſſe des katholiſchen Cultus ein; aber er betrachtete die
17 1235 1355 1317 katholiſche Kirche in ihren hierarchiſchen Inſtitutionen als einen Staat im
23 1287 1351 1371 Staate, welchen den allgemeinen Staatsgeſetzen unterzuordnen, er für
27 1343 1357 1423 ſeiner Würde und der Billigkeit angemeſſen gehalten hatte. In gewiſſer Hin⸗
21 1397 1351 1476 ſicht, nämlich in Betreff der kirchlichen Verfaſſungsgrundſätze, war allerdings
23 1444 1351 1531 Joſeph II. proteſtantiſch geſinnt. Er unterwarf die päpſtlichen Bullen
11 1498 1339 1585 und Breven, die kirchlichen Geſetze und Verordnungen, vor ihrer Veröffent⸗
7 1550 1341 1639 lichung in ſeinem Reichsgebiete der landesherrlichen Genehmigung; das
13 1605 1343 1692 päpſtliche Eherecht hob er innerhalb ſeiner Gerichtsbarkeit auf; den Appellationen
5 1659 1343 1744 nach Rom, die ſo viel deutſches Gold nach dem Vatican entführten, machte er
5 1713 1349 1794 nebſt den ſogenannten Papſtmonaten ein Ende; Seminarien und geiſtliche Col⸗
9 1765 1339 1846 legien ſtellte er unter ſeine Aufſicht; er zog überhaupt der Kirchengewalt, ſo
7 1821 1334 1897 weit ſie in das öffentliche Recht eingriff, die förmlichſten Schranken. Es iſt
7 1867 1341 1953 jedoch nicht richtig, wenn man behauptet, die joſephiniſchen Verordnungen ſeien
0 1920 1343 2006 der Religion ſelbſt zu nahe getreten. Sie gingen umgekehrt von der allein
5 1971 1331 2061 ſchriftgemäßen Vorſtellung in Betreff der Religion aus. Da nämlich die
7 2026 1335 2115 Religion nichts Auswendiges iſt, ſo kann ſie auch nicht in der äußeren Macht
7 2077 1337 2170 und dem irdiſchen Glanze des Kirchenthums beſtehen; je mächtiger die Kirche
3 2130 1333 2224 nach außen, deſto ohnmächtiger iſt in der Regel die Religion
7 2183 1335 2278 nach innen. Joſeph II. hatte ein frommes und ein deutſches Herz. Der
9 2235 1337 2333 Gedanke einer deutſchen katholiſchen Nationalkirche erfüllte ſeine Seele mit ſtiller
5 2287 1335 2387 Freude. Deshalb erſchien ihm auch der Gebrauch der lateiniſchen Sprache
0 2337 1339 2433 beim Gottesdienſte als eine Unſitte und er führte deutſche Geſänge ein. Die
105 2424 223 2453 1860. II.
976 2431 1059 2483 1
