1501 2586
753 110 821 165 34
126 145 1452 262 haben würden. Verdankt die wahrhaft freie, chriſtliche Wiſſenſchaft ſchon dem
132 244 1454 315 alten Rationalismus nicht wenig — und das kann nur barer Unverſtand oder
124 294 1449 370 grobe Unwiſſenheit leugnen — ſo ſind wir den zahlreichen neueren Gelehrten,
120 352 1456 421 die der oben bezeichneten Richtung huldigen, trotz ihrer ſchweren Irrthümer
128 402 1460 474 den größten Dank ſchuldig; und wer alle dieſe ernſt ſtrebenden Männer als
124 467 1200 526 Feinde der Wahrheit verdächtigt, ſchändet damit nur ſich ſelber.
208 507 1458 579 Es gibt aber auch, wie den Anhängern des abgeblaßten Inſpirations⸗
120 563 1450 631 begriffs bekannt ſein muß, eine offenbarungsgläubige Kritik, die in ſehr vielen
128 617 1446 682 Stücken mit rein geſchichtlichen Gründen der kirchlichen Ueberlieferung entgegen⸗
120 667 1446 736 tritt, und gegen welche der Vorwurf, die nicht orthodoxe altteſtamentliche
114 723 1456 786 Kritik leugne das Wunder und die Weiſſagung, gar nicht verfängt, weil er
120 774 1454 840 hier eine offenbare Lüge ſein würde. Zu den Kritikern dieſer Art gehörte z. B.
122 828 1450 893 der ſelige Bleek, deſſen freilich ſehr großer Unterſchied von den Orthodoxen,
116 879 1452 946 die ſich am Ende Alle die ſchönen Worte von Delitzſch über die wahrhaft
118 935 1452 999 freie Kritik aneignen werden, doch nur darin beſtand, daß er es nicht bei guten
122 985 1456 1053 Vorſätzen und Worten bewenden ließ, ſondern auch in evangeliſchem Geiſte
116 1041 1448 1106 wirklich eine freie und doch ehrfürchtige Kritik ausübte. Wie unverantwortlich
112 1097 1446 1159 iſt es nun, daß Keil noch in der zweiten Auflage ſeiner Einleitung (§. 224)
121 1148 1454 1212 blos zwei Richtungen der Neuzeit und Gegenwart kennt: einmal die „ratio⸗
116 1199 1452 1265 naliſtiſche, die in den letzten Jahrzehnten eine wiſſenſchaftlich gründlichere
120 1255 1452 1318 Haltung gewonnen und, freilich ohne den Geiſt der göttlichen Offenbarung zu
116 1305 1454 1371 verſtehen, die philologiſche und kritiſche Seite der Auslegung vielfach gefördert
115 1360 1446 1424 habe”, und dann die glaubensvolle, von Hengſtenbergs Chriſtologie
121 1412 1448 1477 an datirende Richtung, über die nun das Füllhorn des Lobes ausgeſchüttet
122 1465 1444 1530 wird. *) Wer mit dem Sachverhalt einigermaßen vertraut iſt, wird die in
124 1518 1448 1603 obiger Zweitheilung liegende Unwahrhaftigkeit leicht durchſchauen. **) Einen
174 1592 1454 1699 *) Es iſt anzuerkennen, daß Keil, auf Bertheau’s Rüge hin, ſeinen eigenen Namen
226 1684 1452 1746 jetzt unter den Geprieſenen nicht mehr bringt; aber was ſoll man dazu ſagen, daß in
228 1733 1444 1792 der 2. Auflage plötzlich auch Baumgarten in der Zahl der Vorbilder nicht mehr
228 1791 352 1837 erſcheint?
157 1838 1440 1896 **) So ſpricht Keil von Hupfelds Pſalmen⸗Commentar, unſtreitig einer der bedeu⸗
224 1880 1442 1943 tendſten neueren Leiſtungen auf dem altteſtamentlichen Gebiete, hier mit keiner Silbe;
228 1924 1448 1989 ſonſt hätte er vielleicht mit Delitzſch geſtehen müſſen: „Hupfelds Werk enthält
220 1970 1452 2035 manche anregende bibliſch⸗theologiſche Erörterungen, und in Behandlung des
220 2018 1442 2080 lexikaliſchen und grammatiſchen Auslegungsſtoffes läßt es alle Vorgänger” (alſo auch
220 2062 1442 2127 die Arbeit von Hengſtenberg, auf die Hengſtenberg nach ſeinen eigenen Worten
219 2109 1432 2174 „noch in der Ewigkeit mit Freude zurückzuſehen hofft”) „weit hinter ſich zurück.”
218 2155 1444 2219 Wie ſonderbar mußte es ferner dem ſeligen Umbreit vorkommen, daß er hier trotz
224 2198 1444 2265 ſeiner bekannten freieren Richtung von Keil gnädigſt der zweiten Klaſſe zugetheilt
220 2245 1440 2311 iſt, während Stier in der Polyglotte es nöthig findet, vor Umbreit zu warnen;
212 2292 1444 2356 und damit nun dem Ganzen die Krone aufgeſetzt würde, mußte es Keil begegnen,
216 2336 1448 2402 daß er denſelben Stier, der doch ſo wenig mit ihm übereinzuſtimmen ſcheint, eben⸗
213 2397 1165 2438 falls, unter den Männern der geprieſenen zweiten Klaſſe aufführt!
