1497 2586
663 89 719 146 63
31 142 1365 241 Nachrichten dieſer Zeitſchrift bisher Vielen ein zu grelles Licht auf die Bobenloſigkeit
31 236 1367 295 mancher Zuſtände innerhalb der Chriſtenheit zu werfen ſchienen, ſo wiſſen wir ſelbſt
29 290 1359 349 am Beſten, daß wir hier immer nur kleine Anhaltspunkte geben können zur
32 343 1362 402 religlöſen Beurtheilung des großen chroniſchen Uebels, an welchem das
31 396 1367 455 Geſchlecht unter dem Mond ſeit Jahrtauſenden hinwelkt, nicht minder aber auch zur
34 448 1365 509 Würdigung der verſchiedenartigen, dagegen aufgebotenen, Heilmittel. Daß unter
35 503 1359 562 dieſen letzteren der lebendige Geiſt Chriſti das allein ausreichende iſt,
39 555 1363 616 darüber ſind wir mit faſt allen unſeren Gegnern einverſtanden; wo aber der Geiſt
37 611 1361 670 Chriſti ſei, dieſe Frage iſt unter uns noch lange nicht in gleicher Weiſe entſchieden.
30 667 1364 755 Der Apoſtel ſeinerſeits ſagt: Wo der Geiſt des Herrn iſt, da iſt Freiheit.
466 753 922 883 Druckberichtigungen
343 880 1048 940 im 6. Heft der „Allg. kirchl. Zeitſchrift”.
100 937 1089 995 S. 6, Z. 19 v. oben muß es heißen: undenkbar ſtatt undankbar.
99 990 908 1044 S. 8, Z. 7 „ unten „ „ „ meiſt ſtatt einſt.
99 1036 884 1177 S. 9, Z. 17 „ oben „ „ „ nach ſtatt von.
93 1175 707 1444 In den nächſten Tagen wird ausgegeben:
349 1441 1058 1554 Capito und Butzer,
123 1546 1284 1677 Straßburgs Reformatoren.
296 1673 1095 1811 Nach ihrem handſchriftlichen Briefſchatze,
481 1804 937 1889 ihren gedruckten Schriften
398 1883 988 1965 und anderen gleichzeitigen Quellen
630 1961 776 2023 dargeſtellt
684 2066 736 2077 von
383 2105 1016 2139 Johann Wilhelm Baum,
184 2132 1223 2195 Profeſſor am proteſt. Seminar und Prediger an der Kirche St. Thomä in Straßburg.
439 2190 977 2285 40 Druckb. gr. 8⁰. Preis: 2 Thlr.
111 2278 1381 2365 Dieſes neue Werk des berühmten Herrn Verfaſſers zeichnet ſich ebenſo ſehr aus durch
45 2348 1293 2401 ſeine hohe kirchengeſchichtliche Bedeutung, als durch die elegante Art der Darſtellung.
109 2391 962 2429 Daſſelbe bildet den III. Band des großen Geſammtwerkes:
