1502 2610
781 82 827 135 34
128 129 1472 228 Ehe und der Diſſidenten werden wieder auftauchen, und ein Antrag auf ein Unter⸗
134 221 1473 282 richtsgeſetz ſcheint durch die letzte Manifeſtation des Herrn Cultusminiſters in
138 274 1475 336 Betreff der vielberegten „Regulative” ebenfalls in Ausſicht geſtellt. Hier müßten
133 329 1477 388 wir es ſehr beklagen, wenn um etwaiger Mängel der Regulative willen auch das
133 383 1117 439 Gute, das ſie enthalten, über Bord geworfen werden ſollte.
217 431 1477 494 Unterdeſſen hat die weitgreifende Bewegung in der katholiſchen Welt auch
128 487 1480 546 Preußen ergriffen. Selbſt die katholiſchen Studenten in Bonn wurden zu Hülfe
130 538 1480 600 gerufen, um den wankenden Thron des Papſtes ſtützen zu helfen. Das wichtigſte
132 592 1478 653 Aktenſtück in dieſer Angelegenheit iſt jedoch die Adreſſe der preußiſchen katholiſchen
129 644 1482 707 Biſchöfe an Se. Königl. Hoheit den Prinz⸗Regenten. *) Auch vom proteſtantiſchen
142 696 1472 761 Standpunkte aus werden wir revolutionäre Angriffe auf den Papſt und ſeine
188 760 1248 831 *) Wir theilen ſie hiermit um ihrer Bedeutung willen im Auszuge mit:
318 818 1475 877 „Bei den unheilvollen Verwickelungen, welche ein trauriger Krieg und in ſeinem
241 862 1475 924 Gefolge die Revolution über Italien und zum Theil auch über den Kirchenſtaat
241 910 1469 970 gebracht haben, und welche nunmehr, wie öffentliche Blätter verläſſig berichten, auf
245 960 1473 1015 einem bevorſtehenden Congreß ihre Löſung finden ſollen, fühlen die katholiſchen Biſchöfe
244 1003 1475 1061 in Preußen ſich gedrungen, Ew. Königl. Hoheit eine die katholiſche Kirche auf das
241 1050 1475 1107 tiefſte berührende Bitte mit vertrauensvollſter Ehrfurcht vorzutragen. Es iſt die Bitte,
242 1097 1475 1154 daß Ew. Königl. Hoheit nicht zugeben, daß dem Papst die weltliche Herrſchaft, die
235 1144 1473 1201 ihm Gott gegeben, entzogen oder geſchmälert werde, und daß Ew. Königl. Hoheit
241 1190 1473 1247 den zum Congreß abzuordnenden preußiſchen Geſandten anweiſen wollen, ſich jeder
239 1234 1471 1293 Beeinträchtigung des apoſtoliſchen Stuhles und deren Sanctionirung mit allem der
249 1280 1475 1339 Machtſtellung Preußens entſprechenden, und wie wir überzeugt ſind, gewichtig in die
241 1326 1481 1385 Waagſchale fallenden Anſehen zu widerſetzen. Allergnädigſter Prinz⸗Regent! Wir
244 1371 1473 1431 bitten im Namen von 7 Millionen Preußen, und unſere Bitte iſt ebenſo national wie
244 1420 1479 1477 patriotiſch. Wenn, wie über allen Zweifel feſtſteht, Religion und Kirche die höchſten
243 1466 1471 1523 Intereſſen der gebildeten Völker einſchließen, und wenn, wie im vorliegenden Falle,
242 1512 1479 1569 die Intereſſen von Millionen Preußen auf das tiefſte berührt werden, ſo wird ihre
244 1557 1473 1615 Sache Sache der ganzen Nation, und ſie haben das Recht, für dieſe höchſte Angele⸗
246 1604 1474 1662 genheit den landesherrlichen Schutz anzurufen. Auch iſt unſere Bitte patriotiſch; denn
250 1648 1476 1708 wir wollen jede Möglichkeit beſeitigt wiſſen, daß ein übermüthiger Herrſcher je in
245 1694 1471 1755 Verſuchung komme, den ſeiner weltlichen Macht entkleideten und zum Vaſallen ernie⸗
243 1742 1475 1802 drigten Papſt irgendwie zu Verfolgung ſeiner ehrgeizigen Uebergewichts⸗ und Erobe⸗
248 1789 1474 1848 rungspläne mißbrauchen zu wollen. Dabei fürchten wir nicht den Vorwurf, daß wir
246 1836 1466 1893 uns unberufen und unberechtigt in die Politik einmiſchen, wenn wir vor Ew. Königl.
242 1882 1472 1940 Hoheit für den Papſt, ſeinen Stuhl und ſeines Stuhles Rechte das Wort ergreifen.
246 1927 1472 1986 Diese Rechte liegen über alle Politik hinaus, und ihr unverletzter Beſtand iſt für uns
244 1973 1480 2033 und alle Katholiken keine politiſche, ſondern eine kirchliche Angelegenheit, weil ſie
242 2019 1476 2080 eben unſere Kirche, ihr Oberhaupt, ſeine Stellung, ſeine Freiheit und Unabhängigkeit
246 2064 1478 2126 in Ausführung der ihm von der Vorſehung zur Wohlfahrt von mehr als 200 Millionen
241 2111 1467 2173 Bekenner übertragenen Miſſion auf das Weſentlichſte berührt. Daß dieſe Stellung
252 2159 1468 2219 ihm bewahrt bleibe, iſt für uns eine Frage der Religion. Zwar wiſſen wir es wohl,
250 2206 1472 2264 daß der Papſt wohl immerhin bleiben würde auch ohne weltliche Macht, Er iſt Papſt
254 2250 1478 2311 geweſen, ehe er weltlicher Fürſt und Herrſcher geworden. Allein wie dieſes nun einmal
246 2295 1476 2358 durch Gottes Vorſehung geworden und ſeit Jahrhunderten es iſt, iſt die weltliche
245 2339 1473 2395 Macht, die ihm die Vorſehung gegeben, in ſeine Stellung ſo weſentlich verwachſen,
