1562 2610
640 62 885 148 Prospect.
73 236 1429 393 Allgemeine kirchliche Zeitſchrift.
484 507 1170 612 Ein Organ
209 656 1408 716 für die evangeliſche Geiſtlichkeit und Gemeinde.
446 826 1154 873 Unter Mitwirkung ausgezeichneter
322 896 1165 955 Theologen, Geiſtlichen und Gemeindegenoſſen
586 1005 890 1055 herausgegeben
702 1065 777 1118 von
486 1151 1011 1196 Profeſſor Dr. Daniel Schenkel,
191 1199 1288 1258 Großherzoglich Badiſchem Kirchenrath, Seminar⸗Director und erſtem Univerſitätsprediger.
166 1395 1427 1472 Schon ſeit längerer Zeit, und immer dringender, hat ſich das Bedürfniß
59 1462 1409 1526 zur Gründung eines Organes gezeigt, welches das kirchliche Leben der
61 1519 1419 1580 Gegenwart, ſeine Bewegung und Entwicklung, nicht nur für die
63 1571 1414 1634 engeren Kreiſe der Fachmänner (Theologen und Geiſtlichen), ſondern auch für
53 1624 1413 1687 die weiteren der chriſtlichen Gemeindegenoſſen ſo umfaſſend, einge⸗
51 1685 1405 1738 hend und überſichtlich als möglich zu beleuchten und darzulegen ſich zur Auf⸗
49 1733 257 1780 gabe machte.
133 1790 1412 1845 Der Stand der Theologen und Geiſtlichen iſt gewiß ein höchſt wichtiger
51 1842 1405 1898 und einflußreicher innerhalb der evangeliſchen Kirche, und ſoll es immer bleiben;
57 1895 1414 1951 aber er bildet — nach den Grundſätzen der Reformation — nicht die Kirche
47 1946 1407 2005 ſelbſt. Die evangeliſche Kirche ruht auf der Kraft und Lebendigkeit der Ge⸗
59 2007 1413 2057 meinde, und was der fromme Spener vor bald zwei Jahrhunderten, als
49 2056 1410 2109 der Prophet einer beſſeren kirchlichen Zukunft, erſehnt und geweiſſagt hat, wird
47 2107 1413 2164 ſich ſicherlich immer mehr erfüllen: die Gemeinde wird immer mehr in ihre
50 2164 1412 2218 apoſtoliſchen Urrechte eintreten und ſich zum geiſtlichen Tempel erbauen, in
54 2216 596 2264 welchem der heil. Geiſt wohnet.
131 2274 1401 2328 Aber wie vieler Arbeit und Vorbereitung bedarf es noch, damit dieſer leben⸗
47 2322 1407 2381 dige Bau zum Preiſe Gottes und zur Verherrlichung des Erlöſers ſich freudig
43 2378 1403 2434 erhebe! Unſere ſeit Jahrhunderten der kirchlichen Thätigkeit großentheils entfrem⸗
