1501 2610
780 79 826 130 14
120 123 1471 226 liche Miſſion des Staates keine Anerkennung finden werde: das ließ ſich
128 216 1467 280 ohne beſonderen Scharfſinn vorausſehen. Uebrigens war die großherzogliche
124 269 1473 333 Regierung keineswegs geſonnen, vor dem angedrohten Widerſtande ſich zu
129 323 1471 386 beugen. Die Antwort, welche dieſelbe den Suffraganbiſchöfen unter dem 2l.
127 378 1471 438 April zu Theil werden ließ, war eben ſo würdig als kräftig, und enthielt
130 430 1478 492 u. A. die Worte: „Se. königl. Hoheit der Regent - werden wahrzunehmen
129 481 1475 546 wiſſen, wenn das angelündigte Entgegentreten von Ew. Excellenz in einer
123 535 1471 599 die Landesgeſetze verletzenden Weiſe in Ausführung gebracht werden
125 587 1473 652 wollte. In einem ſolchen Fall werden Se. königl. Hoh. . . . die Geſetze
130 638 1471 705 und die Verfaſſung des Staates mit der Ihnen von Gott verliehenen
121 691 1463 758 Gewalt gegen jeden Eingriff ſchützen und Denjenigen für die Folgen verant⸗
126 743 1467 810 wortlich machen, der, indem er ein vermeintliches Recht geltend machen
127 796 1471 864 will, in anerkannter Wirkſamkeit beſtehende Geſetze verletzt.” Als
119 848 1471 917 ob der römiſche Stuhl ſelbſt die Staatsregierungen hätte darauf aufmerkſam
131 901 1467 971 machen wollen, wie gefahrbringend es für ihre Autorität iſt, wenn ſie ſich des
125 955 1469 1025 Placets begeben, ſo veröffentlichte gleichzeitig mit dem Proteſte des Episcopates
123 1009 1461 1078 gegen die oberrheiniſchen Staatsgewalten der durch den Trierer heiligen Rock
130 1062 1469 1131 in Ruf gekommene Biſchof Arnoldi ein päpſtliches Breve, wornach von
128 1115 1462 1186 jetzt an ausſchließlich nur der römiſche Stuhl Dispenſation von dem Ehehin⸗
121 1169 1465 1240 derniſſe der gemiſchten Ehen ſollte ertheilen koͤnnen. Unter dem 18. Juni aber
123 1222 1461 1290 erließ das oberrheiniſche Episcopat eine neue Denkſchrift, welche als offenes
121 1282 911 1339 Kriegsmanifeſt betrachtet werden mußte. *)
201 1316 1459 1401 Eine kurze Charakteriſtik dieſer Denkſchrift gehört um ſo mehr hierher,
121 1380 1461 1453 als ſie die Stellung, welche die römiſch⸗katholiſche Kirche bei der gegenwärtigen
117 1436 1465 1506 rückläufigen Stromung gegenüber dem Staate, namentlich auch bei dem Ab⸗
127 1483 1457 1555 schluſſe von kirchlichen Verträgen mit demſelben einnimmt, vollkommen deutlich
115 1555 307 1599 kennzeichnet.
207 1578 1455 1667 Der Episkopat ſucht ſich zunächſt wegen ſeines Ungehorſams gegen die
119 1645 1467 1720 Staatsgeſetze und Staatsverfügungen zu rechtfertigen. Er erklärt in dieſem
119 1700 1459 1774 Betreffe, daß er durch den Gehorſam gegen Gott zu ſeinem Widerſtande
109 1755 1451 1828 gegenüber dem Staate verpflichtet ſei. Die katholiſche Kirche „exiſtirt nach ſei⸗
117 1811 1457 1881 ner Meinung in den Ländern der oberrheiniſchen Kirchenprovinz mit unbe⸗
109 1865 1455 1935 dingtem (!) Rechtsanſpruche auf ſelbſtſtändige Exiſtenz und ungeſtörte Wirk⸗
115 1918 1459 1988 ſamkeit, ſie verlangt, daß die volle Selbſtſtändigkeit ihrer Lehre, ihres Cultus,
117 1972 1447 2042 ihrer Disciplin, ihrer Verfaſſung und ihres Kirchenregiments reſpectirt werde.”
107 2026 1453 2095 Dieſe „Freiheit” unbedingter (!) Rechtsanſprüche iſt ſie befugt,
107 2080 1455 2149 ungeſchmälert in Beſitz zu nehmen, und daher die Aufhebung von
119 2134 1457 2221 Verordnungen und Vorſchriften der Regierungen zu fordern, welche ihre Wirk⸗
171 2204 1455 2317 *) Sie war unterzeichnet von Hermann, Erzbiſchof von Freiburg, Peter Joſeph, Biſchof
215 2303 1455 2363 von Limburg, Joſeph, Biſchof von Rottenburg, Chriſtoph Florentinus, Biſchof von
212 2349 904 2397 Fulda, Wilhelm Emanuel, Biſchof von Mainz.
