1497 2610
704 82 754 138 33
55 113 1399 239 ihren Aufgaben und Werken, wie ſich’s gebührt in Anſpruch genommen, das iſt
51 213 1405 290 eben die Frage. Will es doch jetzt noch manchen ſonſt erleuchteten Köpfen ganz
55 274 1064 338 ſelbſtverſtändlich erſcheinen, daß die Geiſtlichkeit die Kirche ſei.
135 321 1396 396 So ſehr nun das Bedenken, welches die der Kirche lange entfremdeten
51 374 1391 449 Gemeinden zu ihrem Dienſt und Aufbau nicht zu ſchnell und allſeitig heranziehen
53 430 1391 502 will, zu begreifen iſt: ſo ſind doch auch die Einwürfe der entgegengeſetzten Rich⸗
57 482 1389 555 tung nicht ſo leicht zu beſeitigen. Ob denn, frägt man, das landesherrliche Kirchen⸗
55 535 1399 609 regiment einen göttlichen Auftrag habe, die Kirche aus ſich heraus zu conſtituiren?
53 585 1395 664 Ob es nicht ſelbſt lediglich aus der Noth hervorgegangen, und ſeine Grundlagen
55 641 1387 718 an der Gemeinde habe? Ob ein Kirchenregiment Vertrauen verdiene und, wenn
55 692 1391 773 es ſolches verdiente, finden werde, das nicht die Gemeinde vertrete? Man
57 748 1391 826 erinnert daran, daß in dieſen Tagen ſelbſt Oeſterreich die Gemeindevertretung in
57 802 1389 879 Presbyterien und Synoden für die dem Weſen des Proteſtantismus grundſätzlich
57 857 1393 933 allein entſprechende Form der Kirchenverfaſſung anerkannt, und daß das evangeliſche
53 905 1381 985 Preußen an kirchlichem Liberalismus, an kirchenverfaſſungsmäßiger Loyalität doch
53 969 1075 1019 nicht hinter dem katholiſchen Kaiſerſtaate zurückbleiben dürfe. *)
121 1030 1385 1091 Wie Sie bemerken werden, ſo betrachte ich es für einmal nicht als meine
47 1066 1383 1144 Aufgabe, die Fragen auch nur entfernt einer Erledigung entgegenzuführen. Ich
51 1122 1383 1198 entwerfe Ihren Leſern nur in wenigen Grundriſſen eine Zeichnung von dem Stand
45 1175 1387 1252 der Dinge im Allgemeinen. Was jetzt noch im Stillen gährt, das dürfte, wenn
51 1229 1391 1305 einmal die Kammern wieder zur Berathung verſammelt ſein werden, früher oder
55 1284 1385 1370 ſpäter an’s Licht der Oeffentlichkeit treten. Auch die Fragen in Betreff der Civil⸗
91 1349 1384 1450 *) Eine Eröffnung Sr. Königl. Hoheit des Prinz⸗Regenten auf eine Bitte um Regelung
139 1437 1271 1495 der Verfaſſungsverhältniſſe der Kirche Preußens vom 2. Januar d. J. lautet:
216 1486 1386 1541 Auf die Vorſtellung vom 5. Mai v. J., in welcher Sie Mir Ihre Anſichten
141 1526 1378 1588 und Wünſche in Betreff der Verfaſſung der evangeliſchen Kirche des Landes vorgetragen
139 1574 1381 1634 haben, eröffne Ich Ihnen, daß Ich es mit Ihnen für eine eben ſo wichtige als drin⸗
149 1620 1385 1681 gende Aufgabe halte, der evangeliſchen Kirche zu der ihr gebührenden Selbſtſtändigkeit
139 1668 1383 1727 zu verhelfen, und daß Ich die Löſung dieſer Aufgabe mit aller Kraft zu fördern
143 1713 1383 1772 entſchloſſen bin. Das von Ihnen zu dieſem Behuf Mir vorgeſchlagene Mittel anzu⸗
135 1759 1381 1817 wenden, muß Ich jedoch Anſtand nehmen. Ich kann vielmehr im Hinblick auf die
137 1805 1386 1862 obwaltenden rechtlichen und thatſächlichen Verhältniſſe nur ein allmäliges, wenn ſchon
145 1850 1386 1909 energiſches, Vorſchreiten für zuläſſig und rathſam halten. In dieſem Sinne werde
137 1894 1383 1955 Ich demnächst in Betreff der Gemeindeverfaſſung und der auf dieſelbe zu gründenden
143 1943 1379 2000 Kreisſynoden weitere Anregung ergehen laſſen, welcher Sie, wie Ich erwarte, bereit]
135 1985 1377 2047 willig entgegenkommen werden. Soviel die Beſchwerden über die frühere Verwaltung
145 2035 1386 2092 der Angelegenheiten der evangeliſchen Landeskirche anlangt, welche in der Ihrer Vor⸗
147 2078 1379 2141 ſtellung beigefügten Denkſchrift enthalten ſind, ſo beruhen dieſelben zum Theil auf
141 2124 1384 2188 nicht haltbaren rechtlichen Vorausſetzungen, oder auf unvollſtändiger Kenntniß der
139 2167 1378 2237 Thatſachen. Eine Erörterung der einzelnen Punkte habe Ich nicht für nothwendig
139 2214 1381 2284 erachten können. Ich will Sie jedoch in Beziehung auf diejenigen Beſchwerden, welche
142 2259 1378 2331 die Gefährdung der Union zum Gegenſtande haben, durch die Verſicherung beruhigen,
142 2306 1383 2375 daß dieſes Meiner Pflicht anvertraute theuere Vermächtniß Meines in Gott ruhenden
140 2359 928 2412 Vaters Majeſtät von Mir treu bewahrt werden wird.”
183 2407 293 2443 1860. II.
1038 2441 1086 2494 3
