1501 2610
114 167 1463 222 trägen unſer Unternehmen kräftigſt zu unterſtützen. Der Herr Verleger hat es
107 220 1462 274 ſich ſeinerſeits angelegen ſein laſſen, durch wohlfeilen Preis der Zeitſchrift eine
110 275 1462 327 möglichſt weite Verbreitung unter Geiſtlichen und Gemeindegenoſſen zu ſichern.
189 327 1453 379 Das hiermit erſcheinende erſte Heft wird zeigen, wie wir unſere Auf⸗
111 382 1465 432 gabe für die Zukunft zu löſen gedenken. Alle Diejenigen, welche mit den
107 433 1455 486 von uns aufgeſtellten Grundſätzen übereinſtimmen und nach demſelben
107 487 1452 540 Ziele ringen, bitten wir angelegentlichſt, unſerem Unternehmen ihre gütige
112 540 1457 595 Mitwirkung zuwenden und für möglichſte Verbreitung deſſelben thätig ſein
107 592 285 634 zu wollen.
190 665 1373 727 Heidelberg, im December 1859. Dr. Schenkel.
184 928 1446 993 Dem vorſtehenden Programme habe ich als Verleger nur noch hinzuzufügen,
100 985 1453 1045 daß es mein aufrichtiges Beſtreben ſein wird, Sorge zu tragen für eine gute
106 1035 1455 1098 typographiſche Ausſtattung und ein promptes Erſcheinen der einzelnen Hefte in
97 1091 910 1141 regelmäßigen fünfwöchentlichen Zwiſchenräumen.
100 1160 1451 1213 Wie ich der Erwartung der verehrlichen Redaction, durch einen möglichſt
104 1210 1445 1268 niedrigen Preis die Verbreitung der Zeitſchrift kräftigſt zu fördern, zu ent⸗
104 1261 1447 1323 ſprechen bereit bin, glaube ich nicht beſſer an den Tag legen zu können, als
97 1314 1363 1374 dadurch, daß ich das jährliche Abonnement für 10 Hefte hiermit auf nur
309 1390 1197 1453 1 Thaler 15 Sgr. preuß. Court. o. W.
104 1469 1453 1538 feſtſtelle, und dadurch unſer Organ zu der wohlfeilſten aller kirchlichen
100 1523 1443 1593 Zeitſchriften ähnlicher Bedeutung mache. Allerdings zähle ich dabei auf eine
107 1576 1144 1631 ſehr große Verbreitung, die hoffentlich nicht ausbleiben wird.
204 1654 1441 1726 Alle Buchhandlungen und Poſtämter nehmen Beſtellungen an.
93 1718 759 1777 Elberfeld, im December 1859.
815 1840 1274 1898 R. L. Friderichs.
917 1911 1169 1959 Verlagshandlung.
