1501 2586
711 119 775 170 68
158 163 1414 262 Die ſächſiſche Geiſtlichkeit thut ſich zu Conferenzen unter dem Vorſitz des Dr.
77 253 1414 305 Brückner zuſammen, um die neue Kirchenordnung zu berathen. In Leipzig
85 299 1409 346 iſt der deutſchkatholiſche Prediger Dr. Beyer wegen z. Th. allerdings höchſt frecher
84 340 1411 388 Redensarten, deren er ſich bediente, entfernt worden. In Magdeburg ſcheint
82 381 1417 430 Uhlich immer mehr zur Plattheit eines ordinairen pantheiſtiſchen Materialismus
87 424 1411 473 herabzuſinken, und iſt dafür mit Recht von der Prot. K.⸗Ztg gezüchtigt worden.
163 466 1407 515 Eine ſtarke Oppoſition erhebt ſich in der Rheinpfalz gegen das neue Polizei⸗
81 509 1312 558 Strafgeſetz, das u. A. auch ſtrenge Geſetze wegen Sonntagsheiligung enthält.
156 552 1409 601 In Baden ſoll mit thunlichſter Beſchleunigung eine außerordentliche
75 593 1409 643 Generalſynode zur Berathung einer Reviſion der evangeliſchen Kirchen⸗
78 637 1414 685 verfaſſung zusammentreten; damit iſt der hauptſächlichſte Wunſch der Durlacher
81 680 1411 727 Verſammlung erfüllt. Die Parteien ſind auf den Ausgang des Wahlkampfes
89 720 1409 769 ſehr geſpannt; hinter den 10 Durlacher Theſen ſtehen die Gemeinden und mehr
78 765 768 809 Geiſtliche als man gewöhnlich annimmt. *)
163 802 1083 854 In Hamburg wird forthin die Civilehe eingeführt ſein.
156 845 1415 897 Biſchof Monrad in Kopenhagen wird nunmehr ſeinen Kirchengemeinderaths⸗
72 889 1415 938 Entwurf zuerſt vor den Landthing, dann vor den Volksthing bringen und in beiden
74 937 348 977 damit durchfallen.
153 971 1413 1024 Der Appellhof in Brüſſel hat entſchieden, daß kein Prieſter oder Laie ohne
79 1018 1025 1066 Erlaubniß des Staates den Peterspfennig einſammeln darf.
157 1059 1408 1109 Zu Arras in Frankreich wurde am 16. — 18. Juli zum erſtenmal das
78 1102 1415 1149 Feſt des neueſten katholiſchen Heiligen, Joſeph Labre, gefeiert unter Anweſenheit
78 1148 1084 1192 einer Unzahl von Mönchen, Nonnen, Prieſtern und Biſchöfen.
153 1186 1414 1234 In Neapel hat Garibaldi den Bau einer engliſchen Kirche geſtattet und den
70 1233 808 1277 Platz hierfür im Namen der Nation geſchenkt.
155 1270 1411 1320 Endlich darf als ein Zeichen der Zeit nicht unbeachtet gelaſſen werden, was die
71 1314 1407 1363 Zeitungen von einem Aufruf zu allgemeiner iſraelitiſcher Allianz berichten, deren
73 1358 1415 1405 Mitglieder Juden ſind, die ſowohl die Emancipation, als die Beförderung des
69 1399 1225 1456 „ſittlichen Fortſchritts” ihrer Glaubensgenoſſen in’s Auge faſſen werden.
128 1450 159 1504 5
181 1501 1322 1517 Die neuesten Alerhöchsten kirchlichen Erlasse vom 9. Oktober lauten wörtlich:
241 1514 1403 1553 Nach Beſtätigung und Verkündigung des Geſetzes vom Heutigen über die recht⸗
171 1549 1405 1589 liche Stellung der Kirchen und kirchlichen Vereine im Staate finden Wir Uns zur
179 1584 1405 1625 weitern Bekanntmachung bewogen, daß der mit dem päpſtlichen Stuhle zur Regelung
169 1619 1405 1659 der Angelegenheiten der katholiſchen Kirche im Großherzogthum am 28. Juni v. J.
173 1654 1409 1693 vereinbarten und durch Verordnung vom 5. Dez. v J. zur allgemeinen Kenntniß
177 1686 1410 1728 gebrachten Uebereinkunft keine rechtliche Wirkſamkeit beizulegen iſt und daß das er⸗
171 1724 947 1763 wähnte Geſetz an die Stelle jener Uebereinkunft tritt.
251 1758 1372 1799 Gegeben zu Karlsruhe in Unſerem Staatsminiſterium, den 9. Oktober 1860.
643 1796 1335 1835 Friedrich. Stabel. A. Lamey.
240 1832 1407 1869 Zum Vollzug des Geſetzes vom Heutigen über die rechtliche Stellung der Kirchen
172 1865 1404 1905 und kirchlichen Vereine im Staate haben Wir bezüglich der vereinigten evangeliſch
179 1901 1413 1941 proteſtantiſchen Kirche beſchloſſen und verordnen; §. 1. Die in Folge der Beſtimmungen
182 1938 1406 1975 des im Eingang genannten Geſetzes nöthig werdenden Aenderungen in der Ver⸗
177 1973 1406 2010 faſſung der vereinigten evangeliſch⸗proteſtantiſchen Kirche ſollen einer Generalſynode
177 2007 1408 2046 zur Berathung vorgelegt werden. Das Ergebniß dieſer Berathung iſt, Uns als
175 2042 1403 2081 oberſtem Biſchof zur Beſtätigung zu unterbreiten. §. 2. Bis dieſe Aenderungen in
176 2077 1406 2117 der Verfaſſung der vereinigten evangeliſch⸗proteſtantiſchen Kirche zu Stande gekommen
180 2113 1412 2153 ſein werden, ſind die Angelegenheiten derſelben von den nach den beſtehenden Geſetzen
169 2150 1413 2188 und Verordnungen zuſtändigen Behörden zu erledigen. §. 3. Das Miniſterium des
171 2185 1408 2223 Innern hat die Berufung der Generalſynode mit thunlichſter Beſchleunigung einzuleiten.
244 2220 1408 2259 Gegeben zu Karlsruhe in Unſerem Staatsminiſterium, den 9. Oktober 1860.
644 2258 1347 2316 Friedrich. A. Lamey.
118 2399 636 2453 Gedruckt bei Sam. Lucas in Elberfelb.
