1501 2586
249 163 1351 281 Leben und ausgewählte Schriften
550 268 1267 348 der Väter und Begründer
357 341 1236 409 der reformirten Kirche.
663 405 955 458 Herausgegeben von
124 453 1460 501 Dr. J. W. Baum, Profeſſor in Straßburg, R. Chriſtoffel, Pfarrer in Winterſingen, Dr.
130 496 1454 536 K. R. Hagenbach, Profeſſor in Baſel, C. Peſtalozzi, Pfarrer in Zürich, Dr. C. Schmidt,
126 531 1456 571 Profeſſor in Straßburg, Lic. E. Stähelin, Pfarrer in Baſel, Lic. K. Sudhoff, Pfarrer
659 567 943 609 in Frankfurt a. M.
691 604 907 657 Eingeleitet von
542 650 1042 723 Dr. K. R. Hagenbach.
663 720 920 804 Proſpectus.
188 800 1456 848 Das klarſte Bild von der Tendenz und Ausführung dieſes für die evangeliſche Kirche
128 843 1458 884 ſo bedeutungsvollen Unternehmens dürfte wohl am beſten die „Einleitung von Profeſſor
122 879 1454 920 Dr. K. R. Hagenbach” im erſten Bande (H. Zwingli) bieten, auf welche die unter⸗
128 915 1342 960 zeichnete Verlagshandlung denn hiermit ſpeziell aufmerkſam zu machen ſich erlaubt.
703 957 876 1011 Inhalt:
511 1007 1075 1064 Leben und ausgewählte Schriften.
193 1050 1453 1108 I. Band. Huldreich Zwingli. Von R. Chriſtoffel. 49 Bogen. II. Band. J. Oeco-
123 1095 1456 1143 lampad und O. Myconius. Von Dr. K. R. Hagenbach. 31 Bogen. III. Band. W. F. Capito
127 1130 1457 1178 und M. Butzer. Von Dr. J. W. Baum. 40 Bogen. IV. Band. Johannes Calvin. Von
127 1164 1451 1213 Lic. E. Stähelin. circa 50 Bogen. V. Band. H. Bullinger. Von C. Peſtalozzi.
125 1198 1445 1248 42 Bogen. VI. Band. Theodor Beza. Von Dr. J. W. Baum. circa 25 Bogen. VII. Band.
125 1236 1455 1282 Peter Martyr. Von Dr. C. Schmidt. 20 Bogen. VIII. Band. C. Olevianus und Z. Urſinus.
121 1271 1452 1319 Von Lic. K. Sudhoff. 41 Bogen. IX ( Supplement⸗) Band. Dr. Joachim Vadianus,
115 1304 1453 1354 Berthold Haller, Leo Jud, Sebaſtian Hofmeiſter, Ambroſius Blaarer, Franciscus Lambert,
120 1343 818 1392 Johannes Lasky, Wilhelm Farel und Peter Viret.
628 1389 943 1438 Bedingungen.
190 1433 512 1468 Der bereits erſchienene
115 1466 1456 1513 Band I.: „Huldreich Zwingli von R. Chriſtoffel. Mit dem Portrait Zwingli’s
273 1502 1449 1547 in Stahl geſtochen” koſtet im Subſcriptionspreiſe nur 1 Thlr. 10 Sgr.,
276 1537 669 1575 im Ladenpreiſe 2 Thlr.
107 1573 1453 1617 Band II. (der ganzen Folge 8. Band): „C. Olevianus und Z. Urſinus von K.
273 1604 1455 1651 Sudhoff” koſtet im Subſcriptionspreiſe nur 1 Thlr. 10 Sgr., im
277 1647 599 1678 Ladenpreiſe 2 Thlr.
113 1678 1436 1723 Band III. (der ganzen Folge 7. Band): „Peter Martyr Vermigli von C. Schmidt”
276 1711 1448 1756 koſtet im Subſcriptionspreiſe nur 1 Thlr., im Ladenpreiſe 1 Thlr.
277 1753 383 1783 15 Sgr.
108 1781 1444 1829 Band IV. (der ganzen Folge 5. Band): „Heinrich Bullinger von C. Peſtalozzi”
266 1819 1446 1863 koſtet im Subſcriptionspreiſe nur 1 Thlr. 20 Sgr., im Ladenpreiſe
267 1856 517 1892 2 Thlr. 15 Sgr.
112 1890 1452 1933 Band V. (der ganzen Folge 2. Band): „J. Oecolampad und O. Myconius von
274 1925 1450 1968 K. R. Hagenbach” koſtet im Subſcriptionspreiſe nur 1 Thlr. 10 Sgr.
272 1962 661 1998 im Ladenpreiſe 2 Thlr.
110 1996 1452 2039 Band VI. (der ganzen Folge 3. Band): „Capito und Butzer von J. W. Baum koſtet
270 2027 1446 2074 im Subſcriptionspreiſe nur 1 Thlr. 10 Sgr., im Ladenpreiſe 2 Thlr.
184 2064 1446 2108 Man kann noch fortwährend auf das ganze Werk ſubſcribiren. — Einzeln iſt jeder
99 2099 1002 2152 Band um die Hälfte theurer, als im Subſcriptionspreis.
190 2138 1450 2215 So ſei denn dieſes wichtige Unternehmen der kräftigſten Unterſtützung des kirchlichen
101 2200 1420 2255 Publikums auch ferner vertrauensvoll empfohlen! Die Verlagshandlung von
1019 2250 1328 2327 R. L. Friderichs.
159 2312 674 2433 Gedruckt bei Sam. Lucas in Elberfeld.
