1501 2586
756 78 810 129 64
113 124 1451 219 Gläubigen ſei; er hat dem überreizten Eifer der jeſuitisch geſinnten Biſchöfe mehr
108 215 1440 261 als einen Dämpfer aufgeſetzt; er hat mehrere ultramontane Journale unterdrückt;
116 257 1444 304 dem Univers, dieſer Pandorabüchſe des Ultramontanismus, welche Herr Veuillot
112 298 1448 347 nach Umſtänden gegen und für den Imperialismus zu öffnen gewohnt war, hat er
112 342 1444 389 den Mund geſchloſſen, und die alten Erinnerungen der gallikaniſchen Kirche wieder
112 386 1438 431 wach gerufen. Unter den franzöſiſchen Biſchöfen hat der Biſchof von Orleans,
112 425 1440 474 Herr Dupanloup, in einer weniger klugen als übermüthigen Weiſe, wie ſie
119 466 1446 517 jedenfalls einem Diener des Gekreuzigten nicht ziemt, dem Syſteme des Kaiſers den
116 510 1446 559 Fehdehandſchuh hingeworfen und ſich dabei nicht geſcheut, das Andenken eines
116 553 1446 600 ſeiner Vorgänger im biſchöflichen Amte zu beſchimpfen, was den Nachkommen des
114 595 1436 641 letzteren Veranlaſſung gegeben hat, den geiſtlichen Würdenträger wegen Ehren⸗
108 637 1438 683 kränkung vor die Schranken des weltlichen Gerichts zu fordern. Dieſes aber hat
108 680 1446 724 den Biſchof freigeſprochen. Im Uebrigen erwarten wir von dem ſo plötzlich impro⸗
109 721 1438 766 viſirten Gallikanismus und dem imperialiſtiſchen Eifer für Religionsfreiheit ſehr wenig.
113 764 1442 808 Namentlich darf der Proteſantismus in Frankreich nicht Fleiſch zu ſeinem Arme
115 805 1444 851 machen; er kämpfe mit dem Schwerte des Geiſtes, welches da iſt das Wort Gottes.
112 849 1444 892 Sonſt beweiſt die ganze Geſtaltung der Dinge, daß der Ultramontanismus außer
113 889 1448 935 den geiſtlichen Kreiſen in Frankreich geringen Halt hat. Beachtung verdient die Thä⸗
108 932 1448 978 tigkeit der Geſellſchaft des h. Vincent de Paul, die über das ganze Land verbreitet
116 977 1442 1019 iſt, viele Mitglieder aus allen Klaſſen zählt, neben ihrer praktiſchen Lebensthätig⸗
112 1018 1442 1061 keit auch Politik treibt und ſich zum Vorkämpfer des Ultramontanismus aufge⸗
115 1060 1440 1104 worfen hat. Aber auch ein Lichtblick inmitten dieſer dunkeln Wirren fehlt nicht.
114 1102 1450 1147 Der bekannte Akademiker und Bibelforſcher de Sacy hat eine neue Ausgabe
118 1144 1442 1190 des Neuen Teſtaments veranſtaltet und ſchickt derſelben ein treffliches Vorwort
110 1185 1444 1233 voraus, das durch und durch einen evangeliſchen Geiſt athmet. Er bekämpft
114 1228 1450 1275 darin die modernen Phariſäer, welche ſo großes Gewicht auf die „Idolatrie, der
116 1274 1440 1316 Ceremonien und Formeln” legen und Menſchenſatzungen an die Stelle des
107 1314 1444 1358 göttlichen Wortes geſetzt haben. Er bekämpft überhaupt jede Auslegung, die
111 1356 1440 1400 das reine helle Wort Jeſu und der Apoſtel verdunkelt. — Daß Blätter, die ſonſt
112 1397 1436 1443 die Dinge nur weltlich anſahen, anfangen dem Proteſtantismus gerecht zu werden,
113 1440 1442 1485 iſt auch bezeichnend. So die „Revue des Deux Mondes” in einem Artikel Emile
112 1482 1450 1527 Montégut’s über ein Buch der trefflichen Madame de Gasparin; und
111 1522 1448 1571 Prévoſt Paradol, der im „Journal des Debats” eine neue Auflage von Vincents
111 1559 1446 1611 Werk über die Zukunft des Proteſtantismus in Frankreich anzeigte. — In den
111 1602 1439 1655 evangeliſchen Kirchen wacht der Streit um den Lehrgehalt lebhaft auf. Pfarrer
108 1649 1442 1698 Picaut’s Werk: Christ et la Conscience wird von der „Esperance” als deiſtiſch
116 1691 1442 1740 und antichriſtlich bezeichnet. Ueberhaupt wird die Frage wegen des Opfers Chriſti
108 1733 1446 1782 lebhaft beſprochen. Die Anhänger Picauts bezeichnen Adolph Monod’s Theo⸗
116 1774 1448 1825 logie als wider⸗chriſtlich, wider⸗menſchlich, wider-göttlich! Auch die „Revue de Theo⸗
114 1819 1442 1867 logie de Straßbourg” wird des Rationalismus beſchuldigt. — Bezeichnend iſt im
112 1860 1446 1910 gegenwärtigen Augenblick das Auftauchen eines liberal⸗katholiſchen Blatts „L’Union
112 1903 1438 1953 Chréötienn”'. Es will zum Organ aller Derer die en, welche wünſchen für das
116 1943 1446 1996 Werk religiöſer Vereinigung zu arbeiten, zu deſſen Aufrichtung Jeſus Chriſtus in
116 1993 518 2027 die Welt gekommen iſt. *)
171 2048 1448 2106 *) Leider kommt auch im intelligenten Frankreich der Romanismus immer weiter von
215 2114 1452 2142 Chriſtus ab. Als Beweis, — wenn es eines ſolchen noch bedürfte, -- mögen folgende
220 2130 1448 2179 Sätze aus einem vor Kurzem erſchienenen Buche dienen: „Gott der Vater verabredet
214 2166 1446 2213 alle ſeine (providentiellen) Abſichten mit Maria; in Verbindung mit ihr beruft der
222 2202 1452 2247 Vater wen er will; Maria zwingt den Vater zur Vergebung und zur Liebe. Das
218 2237 1446 2283 Blut des Oſterlammes iſt das Blut der Maria. Seit der Erſcheinung zu La
212 2276 1380 2340 Salette ſind wir (die Franzoſen) unterthan der Herrſchaft Marias.”
161 2332 677 2417 Gedruckt bei Sam. Lucas in Elberfeld.
