1502 2586
775 87 829 142 22
140 131 1478 237 ſo räumt er doch offenbar der Neigung einen bedeutenden Antheil an der chriſt⸗
138 227 1475 290 lichen Tugendübung ein. Auch Schiller konnte sich durch jene kalte Pflichtenlehre
141 277 1477 343 nicht befriedigt fühlen, die, wie er in einem Xenion ſich ausdrückt, fordert mit
137 334 1467 395 Abſcheu zu thun, was die Pflicht uns gebeut. *) Seine „äſthetiſchen Briefe”
135 383 1471 451 haben die Aufgabe zu zeigen, wie die vollendete Tugend nicht darin beſteht,
135 439 1473 504 daß der Menſch dem Geſetze mit innerem Widerſtande ſich unterwirft, ſondern
133 493 1479 554 wie er der ſittlichen Aufgabe nur dann vollkommen genügt, wenn durch den
143 542 1465 607 Geiſt des Geſetzes der Widerſtand des natürlichen Willens innerlich überwun⸗
141 596 1481 661 den iſt und der Menſch die Forderungen des Geſetzes aus innerſter Ueberein⸗
147 645 1471 714 ſtimmung mit ihnen erfüllt, weil es, wie Chriſtus ſpricht, ſeine Speiſe, das
136 700 1469 766 eigenſte Bedürfniß ſeiner Natur iſt, den Willen Gottes zu erfüllen. Schön
143 749 1475 816 und bündig hat er den Grundgedanken der äſthetiſchen Briefe in den Verſen
133 812 343 857 ausgedrückt:
486 852 1076 902 Nehmt die Gottheit auf in euren Willen,
487 897 1042 948 Und ſie ſteigt von ihrem Weltenthron.
481 943 977 994 Des Geſetzes ſtrenge Feſſel bindet
485 988 1065 1041 Nur den Sclavenſinn, der es verſchmäht,
491 1033 1078 1089 Mit des Geiſtes Widerſtand verſchwindet,
489 1082 895 1148 Auch der Gottheit Majeſtät.
225 1135 1469 1225 Hier predigt unſer Dichter die ſelige Freiheit der Kinder Gottes
132 1210 1467 1278 und das Evangelium der Liebe, die des Geſetzes Erfüllung iſt. Wer aber
142 1262 1475 1332 ſo von der Liebe redet, in welcher der Menſch zu Gott ſich hinwenden ſoll, der
138 1312 1463 1385 iſt auch nothwendig, und wenn er mit keinem ausdrücklichen Worte ihrer
136 1371 1473 1438 gedächte, von jener Liebe nicht unberührt geblieben, mit welcher Gott zu den
141 1421 1469 1492 Menſchen ſich herabneigt in Dem, der von ſich ſagen konnte: „Ich und der
137 1474 1473 1544 Vater ſind Eins” und welcher allein der Menſchheit die Kraft jenes neuen, mit
143 1526 1461 1597 Gott geeinigten, menſchlichen Lebens mitzutheilen vermag. Es iſt nicht voll⸗
135 1579 1465 1650 kommen zutreffend, wenn man, wie es in der jüngſten Zeit öfter geſchehen iſt,
133 1633 1473 1702 in Schiller nur einen neuen Moſes erkennt, der ſein Volk bis zu dem ihm ſelbſt
137 1685 1469 1756 verſchloſſenen Eingange des gelobten Landes eines wiedererwachten chriſtlichen
137 1739 1471 1810 Lebens geführt habe, vielmehr bethätigte er durch Wort und Wandel, daß er
143 1794 1461 1863 ſelbſt ſchon von den erſten Regungen dieſes neuen Lebens ergriffen war; und
134 1850 1470 1916 wenn er den Zuſammenhang der Gedanken und Beſtrebungen, welche ihn
143 1902 1461 1969 bewegten und welche allein auf dem Boden des Chriſtenthums erwachſen konnten,
139 1957 1465 2033 mit den geſchichtlichen Anfängen des Chriſtenthums und insbeſondere mit der
175 2019 891 2113 *) Anm. Es gehören hierher folgende Xenien:
647 2106 975 2171 Gewiſſensſcrupel.
313 2154 1309 2224 Gerne dien’ ich den Freunden, doch thu’ ich es leider mit Neigung.
377 2213 1207 2268 Und ſo wurmt es mir oft, daß ich nicht tugendhaft bin.
726 2265 892 2317 Decisum.
304 2307 1182 2370 Da iſt kein anderer Rath, du mußt ſuchen, ſie zu verachten,
377 2359 1195 2407 Und mit Abſcheu dann thun, wie die Pflicht dir gebeut.
