1420 2339
106 316 556 34 Petrus ſpricht klar und allgemein faßlich

65 361 599 33 zu uns durch ſeine in der Schrift ver⸗

65 405 599 34 zeichneten Thaten und Reden und durch

69 450 590 34 ſeine auch an uns gerichteten Briefe; aber

67 493 597 34 dieſe Thaten, Reden und Briefe des Apo⸗

69 538 590 32 ſtels athmen einen völlig andern Geiſt

68 582 594 33 und enthalten eine andere Lehre als die,

59 627 606 32 welche uns jetzt aufgezwungen werden ſoll.

101 927 566 39 Wohl hat man es verſucht dieſe neuen

61 977 596 33 Lehren, welche in ihrer nackten Derbheit und

70 1020 594 33 kaum zu berechnenden Tragweite jedes chriſt⸗

66 1062 592 36 liche Gefühl verletzen, abzuſchwächen und

63 1108 595 35 dem Volke den Wahn beizubringen, als

66 1152 593 34 ob ſie alt und ſtets geglaubt und ganz

68 1196 594 35 unverfänglich ſeien. Wie früher, ſo hat

67 1241 590 33 man auch wieder in dem jüngſten Hirten⸗

57 1284 603 35 briefe ſich Mühe gegeben die Unfehlbarkeit,

58 1329 604 34 von der die Decrete ſprechen, als ein Vor⸗

63 1374 590 34 recht, welches dem ganzen aus Papſt und

67 1416 590 36 Biſchöfen gemeinſchaftlich beſtehenden Lehr⸗

57 1462 600 34 amte zukomme, erſcheinen zu laſſen. Dieß

67 1505 593 35 widerſpricht aber dem klaren Wortlaut der

59 1550 603 34 Decrete: ihm zufolge iſt nur der Papſt,

65 1595 593 33 und er aus ſich ſelber, unfehlbar; nur er

59 1639 602 34 empfängt den Beiſtand des hl. Geiſtes und

59 1682 596 35 iſt in ſeinen Entſcheidungen völlig un⸗

59 1725 595 38 abhängig von dem Urtheile der Biſchöfe,

57 1770 598 38 deren Zuſtimmung zu jedem päpſtlichen

55 1814 604 37 Ausſpruch nun Sache der Pflicht gewor⸗

53 1855 606 41 den iſt und nicht mehr verweigert werden

55 1899 79 38 kann.

96 2028 559 45 Wenn die deutſchen Biſchöfe aber be⸗

55 2071 597 44 haupten: die „Fülle der Gewalt“, welche

60 2116 593 44 gemäß den vaticaniſchen Decreten dem

53 2159 598 45 Papſt zukomme, dürfe nicht als eine un⸗

61 2204 585 45 beſchränkte oder alles umfaſſende bezeichnet

51 2245 602 48 werden, weil der Papſt in deren Aus⸗

677 0 46 118 21

728 138 597 38 nicht entblöden, ſo müſſen wir geſtehen,

724 182 595 36 daß eine ſolche Verletzung der unſern Ober⸗

723 227 603 37 hirten ſchuldigen Ehrfurcht und der Wahr⸗

728 270 595 38 heit wirklich unqualificirbar iſt. Petrus

726 316 598 37 ſpricht ja klar und allgemein faßlich von

721 359 599 38 uns in ſeinem zweiten Brief, wo es heißt:

724 403 593 39 „Es werden ſein falſche Lehrer, welche

723 447 610 39 Secten des Verderbens einführen werden,

723 493 604 37 und durch welche der Weg der Wahrheit

726 538 590 37 als Blasphemie ausgegeben wird, für welche

725 582 589 37 aber das Gericht ſchon längſt bereit und

727 625 596 39 deren Verderben ſchon nahe iſt“ (2. Petr.

719 670 604 38 2, 1—3), aber dieſe Worte und dieſe

727 713 594 39 Warnung des Apoſtels verachten wir eben⸗

724 756 597 40 ſo, wie die denſelben Geiſt athmende

725 801 592 39 Mahnung des hl. Paulus, ſich von der

724 845 590 38 „fälſchlich ſogen. Wiſſenſchaft (1 Tim.

721 890 499 35 6, 20) nichts aufzwingen zu laſſen.

760 932 559 37 Wohl haben wir es verſucht, die vom Con⸗

723 981 594 36 cil verkündete Lehre, welche in ihrer klaren

727 1023 592 37 Einfachheit und genau begrenzten Trag⸗

719 1066 602 39 weite jedem katholiſchen Verstande ein⸗

723 1111 603 38 leuchtet, zu entſtellen und dem chriſtlichen

723 1155 594 37 Volke den Wahn beizubringen, als ob ſie

723 1200 592 35 neu und unerhört und voll der gefähr⸗

723 1243 600 36 lichſten Folgerungen ſei. Wie früher an⸗

722 1288 599 37 dere Häretiker in Bezug auf andere Dog⸗

719 1333 598 37 men, ſo haben auch wir uns in unſern

719 1377 594 35 Erklärungen Mühe gegeben, die päpſtliche

715 1420 603 37 Unfehlbarkeit, welche die Decrete verkünden,

717 1463 602 37 als ein Vorrecht, welches andern Glau⸗

726 1507 589 37 benslehren der Kirche Eintrag thue, er⸗

729 1551 597 37 ſcheinen zu laſſen. Dieß widerſpricht aber

715 1596 601 37 dem klaren Wortlaut des Decretes; ihm

717 1642 598 36 zufolge iſt zwar der Papſt unfehlbar, aber

719 1687 599 35 nicht durch ſich ſelber, ſondern durch den

723 1731 588 35 Beiſtand des heiligen Geiſtes; aber nicht

715 1774 600 35 allein, ſondern auch die mit ihm ver⸗

719 1818 594 36 einigten und mit ihm entſcheidenden Bi⸗

723 1862 589 37 ſchöfe ſind es, obgleich allerdings dieſe,

716 1907 598 34 wenn der Papſt schon vorher ex cathedra

712 1950 601 35 entſchieden hat, dieſen Entſcheidungen

712 1994 604 36 ihre Zuſtimmung nicht verweigern können.

743 2039 573 35 Wenn wir aber behaupten, die, „Fülle der

713 2082 606 36 Gewalt“, welche gemäß den Vaticaniſchen

714 2128 596 35 Decreten dem Papſte zukomme, müſſe als

720 2172 591 36 eine unbeſchränkte bezeichnet werden, ob⸗

711 2218 601 34 gleich dieſelbe beſchränkt iſt durch die ge⸗

711 2261 600 36 offenbarten Wahrheiten und die Verfaſſung
