1420 2340
482 309 509 46 Kirchliche Actenſtücke.

287 426 880 45 (Proteſt gegen das piemonteſiſche Garantieengeſetz.)

101 542 603 46 Sanotissimi Domini Nostri Pii

140 601 564 45 divina providentia Papae IX.

146 655 559 50 Epistola Encyclica ad omnes

145 716 548 44 Patriarchas, Primates, Archi-

145 774 554 43 episcopos, Episcopos, aliosque

145 831 561 43 locorum Ordinarios gratiam et

144 887 556 44 Communionem cum Apostolica

131 944 281 43 sede habentes.

245 1022 306 42 Pius PP. IX.

146 1087 373 46 Venerabiles Fratres.

137 1147 558 42 Salutem et Apostolicam Bene-

102 1199 173 46 dictionem.

128 1284 563 44 Ubi Nos, arcano Dei consilio sub

91 1334 615 41 hostilem potestatem redacti, tristem at-

102 1381 588 44 que acerbam vicem hujus Urbis Nostrae

95 1430 603 44 et oppressum armorum invasione civilem

99 1479 599 43 apostolicae Sedis Principatum vidimus,

100 1528 599 43 jam tum datis ad Vos litteris die prima

105 1576 586 43 Novembris anno proxime superiori, Vo-

103 1624 580 43 bis ac per Vos toti orbi catholico de-

99 1675 596 42 claravimus, qui esset rerum Nostrarum

97 1720 596 46 et Urbis hujus status, quibus obnoxii

97 1767 592 49 essemus impiae et effrenis licentiae ex⸗

99 1815 600 51 cessibus; et ex supremi officii Nostri

103 1866 596 48 ratione coram Deo et hominibus, salva

103 1914 596 48 ac integra esse velle jura Apostolicae

101 1961 588 49 Sedis, testati sumus, Vosque et omnes

98 2008 595 51 dilectos filios curis vestris creditos

98 2056 591 51 fideles ad divinam Majestatem fervidis

100 2106 500 51 precibus placandam excitavimus.

759 551 600 48 Rundſchreiben unſeres heiligen

789 614 570 47 Vaters Papſt Pius IX. an alle

804 677 551 44 Patriarchen, Primaten, Erz-

803 736 548 45 biſchöfe, Biſchöfe und die an-

799 799 560 45 deren örtlichen Oberen, welche

801 862 563 42 in Gnade und Gemeinſchaft mit

791 924 567 43 dem Apoſtoliſchen Stuhle ſtehen.

888 1025 327 44 Pius IX. Papſt.

795 1124 354 43 Ehrwürdige Brüder!

793 1194 564 45 Gruß und Apoſtoliſchen Segen!

781 1290 577 36 Sobald wir durch Gottes unerforſch⸗

755 1338 602 39 lichen Rathſchluß unter Feindesgewalt ka⸗

755 1388 600 36 men, und das traurige, bittere Loos dieſer

749 1433 603 34 Unſerer Hauptſtadt, und die Unterdrückung

755 1477 597 34 der weltlichen Macht des Apoſtoliſchen

755 1521 602 35 Stuhles vermittelſt bewaffneten Einfalls

759 1565 594 35 hatten erleben müſſen, ſo haben wir ſchon

759 1610 598 34 damals in einem Schreiben an Euch vom

759 1655 590 35 1. November des letztverfloſſenen Jahres

752 1700 608 33 Euch und durch Euch der ganzen katho⸗

756 1744 592 33 liſchen Welt erklärt, wie es um uns und

755 1788 590 34 dieſe Hauptſtadt ſtehe, welchen Ausſchrei⸗

755 1833 596 34 tungen einer gottloſen und zügelloſen

755 1879 600 33 Frechheit wir bloßgeſtellt ſeien; und nach

752 1924 604 32 Maßgabe Unſeres oberſten Amtes bezeug⸗

755 1969 595 31 ten Wir vor Gott und den Menſchen,

755 2012 597 33 daß Wir die Rechte des Apoſtoliſchen

759 2056 593 32 Stuhles gewahrt und unverſehrt wiſſen

753 2099 595 33 wollten; Wir forderten ferner Euch und

755 2144 594 34 alle geliebten Eurer Sorgfalt anvertrauten

752 2187 597 36 Söhne auf, die göttliche Majeſtät durch

756 2232 476 33 inbrünſtige Gebete zu verſöhnen.
