1420 2339
667 42 54 35 23

105 400 558 33 2) Wir beharren in der feſtbegründeten

70 446 590 32 Ueberzeugung, daß die vaticaniſchen De⸗

64 490 598 32 crete eine ernſte Gefahr für Staat und

71 531 586 35 Geſellſchaft bilden, daß ſie ſchlechthin un⸗

67 577 594 33 vereinbar ſind mit den Geſetzen und Ein⸗

72 622 588 32 richtungen der gegenwärtigen Staaten, und

68 666 590 33 daß wir durch die Annahme derſelben in

64 709 599 35 einen unlösbaren Zwiespalt mit unſern

68 753 595 33 politiſchen Pflichten und Eiden gerathen

72 796 585 34 würden. Vergeblich verſuchen die Biſchöfe

70 842 588 34 die unläugbare Thatſache theils todtzu⸗

76 886 586 34 ſchweigen, theils durch willkürliche Aus⸗

74 932 583 33 legungen päpſtlicher Bullen zu beſeitigen,

71 977 591 32 daß dieſe Bullen und Entſcheidungen alle

70 1021 586 32 politiſchen Gewalten der Willkür des päpſt⸗

59 1066 602 31 lichen Stuhles unterwerfen und gerade

72 1109 586 32 jene Geſetze am entſchiedenſten verdammen,

64 1154 596 32 welche in der heutigen geſellſchaftlichen

67 1199 522 32 Ordnung die unentbehrlichſten ſind ⁷.

106 1500 556 37 Die Biſchöfe wiſſen ſehr wohl, daß ſie in

67 1548 596 33 Folge der vaticaniſchen Decrete nicht das ge⸗

71 1593 599 32 ringſte Recht haben päpſtliche Erlaſſe, die

67 1636 594 33 neueſten oder frühern, durch künſtlich erſon⸗

63 1681 596 34 nene Auslegungen zu beſchränken, und daß

67 1726 592 36 die entgegengeſetzte Auslegung

71 1769 588 36 eines einzigen Jeſuiten gerade ſo

63 1813 598 36 viel wiegt, als die von hundert

61 1853 602 41 Biſchöfen. Ueberdies ſtehen auch bereits

71 1899 592 38 den Deutungen deutſcher Biſchöfe die Aus⸗

71 1942 596 40 legungen anderer Prälaten gegenüber, un⸗

71 1986 598 41 ter anderen des Erzbiſchofs Manning von

68 2028 597 42 Weſtminſter, welcher der päpſtlichen Un⸗

723 131 594 34 finirte Gewalt gleichwohl eine despotiſche

719 176 601 34 zu nennen wagen, machen wir uns einer

723 221 595 33 unverantwortlichen Blasphemie ſchuldig,

722 265 601 33 da wir den Heiland, da wir den heiligen

721 309 604 32 Geiſt als Begründer und Beförderer des

721 354 332 33 Despotismus darſtellen.

755 399 558 31 2) Wir beharren auch bei der vollſtändig

724 442 600 34 unbegründeten Behauptung, daß die Va⸗

724 487 600 34 ticaniſchen Decrete eine ernſte Gefahr für

719 531 597 32 Staat und Geſellſchaft bilden, obgleich ihre

720 574 603 36 Lehren, die ſeit achtzehn Jahrhunderten in

724 618 591 34 aller Herren Länder, unter allen denk⸗

724 662 594 36 baren Regierungsformen von den Katho⸗

729 708 597 32 liken geglaubt wurden und jetzt geglaubt

723 752 594 32 werden, nicht unvereinbar ſein können

725 795 598 33 mit den Geſetzen und Einrichtungen der

725 840 590 34 modernen Staaten, und obgleich Niemand,

727 884 598 35 wofern er nicht etwa bei den Freimaurern

724 928 599 35 einen entgegenſtehenden freventlichen Eid

729 975 595 32 geſchworen hat, durch dieſelben mit ſeinen

727 1018 597 33 politiſchen Eiden in Widerſpruch gerathen

726 1062 598 34 kann. Vergeblich verſuchen wir die un⸗

723 1107 602 33 läugbare Thatſache todtzuſchweigen, oder

725 1150 600 33 durch, willkürliche Deutung päpſtlicher

720 1194 604 33 Bullen zu beſeitigen, daß in keiner dieſer

719 1239 606 33 Bullen irgend eine politiſche Gewalt der

719 1283 605 32 Willkür des Papſtes unterworfen und in

724 1327 598 35 keiner ein Geſetz verdammt wird, das in

723 1371 605 34 der heutigen Ordnung, wenn nicht etwa

724 1416 598 33 der Liberalismus ſelbſt ſich mit dem Staate

723 1459 598 33 verwechſelt, unentbehrlich oder auch nur

731 1503 587 33 nützlich iſt. Wir wiſſen auch ſehr wohl,

727 1548 586 33 daß wir trotz unſerer „Wiſſenſchaftlichkeit“

725 1593 600 33 nicht das geringſte Recht haben, irgend

729 1637 591 32 welchen päpſtlichen Erlaſſen durch künſtlich

723 1682 600 33 erſonnene Auslegungen einen falſchen Sinn

728 1725 598 35 zu unterſchieben, und daß die entgegen⸗

733 1770 589 34 ſtehende richtige Deutung, trüge ſie auch

727 1816 602 32 bloß ein  „unwiſſenſchaftlicher“ Jeſuit vor,

724 1858 604 34 mehr wiegt in den Augen der Vernünf⸗

732 1902 592 35 tigen, als unſere hundert falſchen. Ueber⸗

723 1947 603 34 dieß ſtehen auch bereits unſeren Deu⸗

725 1988 603 37 tungen die Auslegungen wirklicher Ge⸗

727 2034 598 36 lehrten gegenüber, unter anderen der Pro⸗

131 2147 1192 41 ⁷ Daß keine päpſtliche Bulle die politiſchen Gewalten der Willkür des Papſtes

67 2192 1258 41 unterwerfe, hat ſehr gut, ohne zu „willkürlichen Auslegungen“ ſeine Zuflucht zu nehmen,

62 2230 839 47 ν. Döllinger bewieſen in Kirche und Kirchen. S. 46.
