1419 2339
428 457 506 42 Kirchliche Actenſtücke.

48 641 616 41 Sanctissimi Domini Nostri Pii

97 693 560 42 Divina Providentia Papae IX.

99 746 562 39 Allocutio Habita Die XXVII.

93 796 569 43 Octobris A. MDCCCLXXI. ad

92 849 561 43 S. R. E. Cardinales in Aedibus

99 902 182 40 Vaticanis.

125 969 378 43 Venerabiles Fratres!

85 1047 560 43 Ordinem Vestrum amplissimum, usi-

51 1099 602 40 tati ritus solemnitate intermissa, huc

57 1149 598 38 convocavimus, ut illud Vobiscum pro

54 1198 608 37 rei gravitate communicemus, quod ad

53 1248 600 37 consulendum spiritualibus christiani

53 1297 606 36 populi in Italia necessitatibus perficere

53 1345 604 37 decrevimus. Non opus est, Venerabiles

55 1392 601 41 Fratres, ut hic Vobis ea recenseamus,

57 1442 599 37 quae pluries in Nostris Allocutionibus

51 1491 606 37 aut in Nostris ad universos Episcopos

63 1540 598 37 datis encyclicis litteris deploravimus.

66 1589 592 36 Compertae enim sunt omnibus atque

56 1638 596 35 adeo exploratae, ut summa sine impu-

56 1687 606 36 dentia denegari, aut ad invidiam le-

59 1736 596 37 vandam excusatione tegi non valeant

65 1786 596 36 hostiles et ingentes injuriae, quae jam

57 1834 603 37 pridem et continenter in hac afflicta

58 1883 594 37 Italia catholicae Ecclesiae et Aposto-

57 1932 611 37 licae Sedi inferuntur, quasque occupata

61 1981 601 38 per vim hac Urbe Nos ipsi Vobiscum

61 2031 606 37 pati et videre cogimur, ita ut regii

61 2079 602 39 Prophetae verbis dicere jure possimus:

61 2126 604 40 vidi iniquilatem et contradictionem in

61 2174 606 42 civilate, die ac nocte circumdabit eam

61 2222 607 46 super muros ejus iniquitas, et labor in

702 647 614 40 Allocution Sr. Heiligkeit Papſt

754 706 550 38 Pius IX, gehalten an die Car-

747 761 568 38 dinäle der heiligen römiſchen

755 817 554 41 Kirche im datikaniſchen Palaſte,

753 875 398 38 den 27. October 1871.

775 979 364 41 Ehrwürdige Brüder!

747 1060 570 34 Ohne die gewöhnlichen Feierlichkeiten

718 1106 594 34 haben Wir Eure erlauchte Verſammlung

718 1150 596 35 hierhin zuſammenberufen, um Euch in

714 1196 604 33 Anbetracht der Wichtigkeit der Sache mit⸗

722 1237 589 38 zutheilen, was Wir zu vollführen beſchloſ⸗

724 1282 588 36 ſen haben, um den geiſtlichen Bedürfniſſen

716 1327 602 35 des chriſtlichen Volkes in Italien nachzu⸗

724 1373 596 35 kommen. Es iſt nicht nothwendig, Ehr⸗

721 1417 592 32 würdige Brüder, hier vor Euch dasjenige

716 1460 598 33 wieder durchzugehen, worüber Wir zu wie⸗

721 1506 596 32 derholten Malen in Unſeren Allocutionen

721 1550 595 33 oder in Unſeren an ſämmtliche Biſchöfe

721 1595 598 35 gerichteten Encycliken Unſerem Schmerze

723 1640 593 34 Ausdruck verliehen. Sind doch die Feind⸗

723 1685 593 33 ſeligkeiten und ungeheuren Ungerechtig⸗

724 1731 592 34 keiten, welche ſchon ſeit langer Zeit und

726 1776 591 34 ohne Unterlaß in dieſem hartbedrängten

717 1819 607 36 Italien gegen die katholiſche Kirche und

725 1865 591 33 den apoſtoliſchen Stuhl begangen werden,

727 1906 588 35 Allen bekannt und dermaßen aufgedeckt,

722 1949 602 38 daß es nur der größten Unverſchämtheit

727 1996 599 35 möglich iſt, dieſelben abzuläugnen oder,

726 2041 593 34 um ihre Gehäſſigkeit zu vermindern, ſie

727 2084 592 35 mit Entſchuldigungen zu bemänteln. Wir

735 2128 586 36 ſelbſt ſind ſeit der gewaltſamen Eroberung

723 2175 600 33 dieſer Stadt mit Euch gezwungen, dieſe

730 2219 594 36 Feindſeligkeiten und Ungerechtigkeiten zu
