1419 2340
413 155 597 35 Inhalt des erſten Bandes.

90 288 607 36 Deutſche Nationalkirche. (Pachtler, S. J.) . . . . . . . 1

87 322 1132 37 Eine „altkatholiſche“ Erklärung mit katholiſcher Überſetzung und erläuternden

194 355 518 40 Anmerkungen (R. Cornely, S. J.) . . . . . . 18

90 390 1134 38 Die Kataſtrophe von Paris als äußerſte Folge des Liberalismus. (Pachtler, S. J.) 31

86 425 1134 42 Das Jubiläum des heiligen Vaters am 16. Juni 1871. (A. Schmitz, S. J.) 44

86 460 793 40 Romanismus und Germanismus. (R. Bauer, S. J.) . . . . 95

89 497 1181 40 Das „Princip“ der Nicht-Intervention. I. II. (Pachtler, S. J.) . 107. 196.

89 530 1181 41 Ecuador. I. II. (G. Schneemann, S. J.) . . . . . 121. 207.

81 570 1128 36 Die Arbeiterfrage und die chriſtlich⸗ethiſchen Socialprincipien. I. II. III.

203 610 1058 32 (Th. Meyer, S. J.) . . . . . . . 131. 292. 498

87 643 665 35 Die römiſch⸗deutſche Frage. (Fl. Rieß, S. J.) . . . . . . 177

94 679 748 34 Zur Geſchichte der Internationale. (Pachtler, S. J.) . . . . . 224

87 715 1135 32 Die Reſolutionen des Münchener Proteſtkatholiken-Congreſſes. Offener Brief

191 750 1002 36 an das Redactions⸗Comité der Verſammlung (R. Cornely. S. J.) . 273

91 784 981 35 Die geographiſche Ausbreitung der Internationale. (Pachtler, S. J.) . . 304

87 821 1125 33 Über die verbindende Kraft des Gewohnheitsrechtes. Randgloſſen zu einem

194 857 938 33 modernen kirchenrechtlichen Lehrſatz. (P. v. Hammerſtein, S. J.) . 319

85 893 801 32 Das große abendländiſche Schisma. (R. Bauer, S. J.) . . . . 332

84 927 1124 33 Der Cultusminiſter von Bayern und das Placet. (G. Schneemann, S. J.) 357

89 963 717 33 Was iſt die Utrechter Kirche? (R. Bauer, S. J.) . . . . . 376

81 999 867 32 Rom und die Anfänge Deutſchlands. I. (Fl. Rieß, S. J.) . . . 394

82 1033 1134 33 Der Darwinismus und die Sprachwiſſenſchaft. 1. (J. Knabenbauer, S. J.) 405

83 1068 995 37 Der Gehorſam in der Geſellſchaft Jeſu. (R. Cornely, S. J.) . . . 453

89 1103 542 35 Indiſches. I. (Frid. Piscalar, S. J.) . . . . . . . 466

82 1139 1133 34 Geſchichte der Auflehnung gegen die päpſtliche Auctorität. II. Gregor XII.

193 1176 652 34 und das Piſaner Concil. (R. Bauer, S. J.) . . . . . 479

85 1212 1143 32 Iſt die lehramtliche Unfehlbarkeit des Papſtes eine Gefahr für die Staaten?

198 1248 220 35 (Pachtler, S. J.) . . . . . . . . . . 511

546 1311 340 31 Kirchliche Actenſtücke.

85 1360 1152 40 Encyclika des heiligen Vaters vom 15. Mai 1871. (Proteſt gegen das

192 1399 448 36 piemonteſiſche Garantieengeſetz.) . . . . . . 69

85 1430 1135 40 Encyclika des heiligen Vaters vom 4. Juni. (Für die Jubiläumsfeier am

202 1467 212 38 16. Juni 1871.) . . . . . . . . . . 79

84 1501 1140 40 Hirtenbrief des Herrn Biſchofs von Ermland an die Prieſter und Gläubigen

202 1539 184 36 ſeiner Diöceſe . . . . . . . . . . . 163

90 1575 1065 37 Allocution des heiligen Vaters an die Cardinäle vom 27. October 1871 . 419

618 1643 196 32 Recenſionen.

86 1693 1134 37 Auffallendes und Unrichtiges bei einem Autor oder ſeinem Recenſenten (W.

196 1726 224 39 Wilmers, S. J.) . . . . . . . . . . 244

82 1761 1058 39 Dr. R. Grundemann, allgemeiner Miſſionsatlas. (Schneemann, S. J.) 54. 436

87 1801 1127 35 Dr. Joseph Langen, das Vaticaniſche Dogma von dem Univerſalepiſcopat

191 1836 1026 36 und der Unfehlbarkeit des Papſtes in ſeinem Verhältniß zum Neuen

197 1872 883 36 Teſtament und der patriſtiſchen Exegeſe. (R. Cornely, S. J.) . . 60

85 1909 1132 35 R. Baumſtark, der erſte deutſche Reichstag und die Intereſſen der katholiſchen

198 1943 382 36 Kirche. (Pachtler, S. J.) . . . . . . . . . 67

79 1980 1141 33 Dr. J. Berchtold, die Unvereinbarkeit der neuen päpſtlichen Glaubensdecrete

193 2015 921 33 mit der bayeriſchen Staatsverfaſſung. (v. Hammerſtein, S. J.) . 139

85 2052 1120 33 Dr. H. Contzen, zur Würdigung des Mittelalters, mit beſonderer Beziehung

195 2088 1021 32 auf die Staatslehre des hl. Thomas von Aquino. (Th. Meyer, S. J.) 147

84 2124 898 32 Aeta et decreta SS. et occumenici Concilii Vaticani etc. 149

85 2159 1133 31 G. Schneemann, die Canones und Beſchlüſſe des hochheiligen ökumeniſchen

191 2193 889 35 und allgemeinen Vaticaniſchen Concils. (R. Cornely, S. J.) . . 149

79 2229 1133 34 Das neue deutſche Reich, vom Verfaſſer der Rundſchauen. (Th. Meyer, S. J.) 253
