1420 2339
544 450 306 39 Recenſionen.

66 550 1271 35 Allgemeiner Miſſions⸗Atlas. Nach Originalquellen bearbeitet von Dr.

152 606 1183 35 R. Grundemann, Prediger. Gotha, Perthes 1867–1870. (Bis

171 662 322 35 setzt 8 Lieferungen.)

146 744 1177 37 Für eingehendes Studium des Miſſionsweſens ſind kartographiſche Hülfſmittel

74 790 1247 35 überaus nützlich, ja nothwendig. Dieß iſt denn auch längſt begriffen worden. Sogar

63 836 1260 33 der populär gehaltene „Weltbote von Joſepho Stöcklein, der Geſellſchaft Jeſu

69 881 1250 32 Prieſtern“, ſucht durch zahlreiche Karten verſchiedener Theile Aſiens, Afrika’s, Ame⸗

67 923 1256 34 rika’s, Oceaniens (Philippinen, Marianen, Carolinen) ſeine Miſſionsberichte zu ver⸗

75 967 1244 34 anſchaulichen. Die alten Miſſionäre verwendeten aus demſelben Grunde große Mühe

69 1011 1249 32 auf die Verfertigung topographiſcher und geographiſcher Zeichnungen. „Mit nächſtem“,

72 1055 1251 33 heißt es in einem Brief P. Schindlers aus Quito (v. J. 1725) „werden wir guten

63 1101 1264 32 Freunden mit weitläufigen Reis⸗ und Land⸗Beſchreibungen aufwarten, dieſe aber mit

65 1144 1263 32 etlichen neuen Land⸗Tafeln, welche P. Maroni mit Fleiß verzeichnet, ausführlich er⸗

62 1188 1257 33 klären, in gänzlicher Hoffnung, die gelehrte Welt werde dieſe unſere Mühe um deſto

70 1232 1250 32 mehr billigen, je handgreiflicher aus gemeldeten Land⸗Karten erhellen ſoll, wie ſehr

63 1276 1251 32 all' diejenigen, ſo bisher ſeien gedruckt worden, irren und betrügen.“ Es, „irren und

68 1318 1260 34 betrügen“ freilich bei der heutigen Vervollkommnung der Erdkunde jetzt nicht mehr

66 1362 1250 37 wie damals die „Land⸗Karten“; dennoch müſſen wir Herrn Grundemann beiſtimmen,

63 1406 1262 39 wenn er „den Mangel an ausreichenden karthographiſchen Hülfſmitteln zum Studium

67 1452 1260 37 der Miſſionsſache“ beklagt. Darum begrüßen wir auch ſein Unternehmen mit Freuden

65 1497 1260 36 und hoffen von demſelben einen Anſtoß zur Wiederaufnahme einer von den alten

67 1542 1250 35 Jeſuiten⸗Miſſionären betretenen, dann aber leider faſt gänzlich verlaſſenen Bahn. Die

64 1586 1260 35 Rückkehr zu dieſem Verfahren wird nicht nur das Intereſſe am Miſſionswerke fördern,

74 1631 1246 34 ſondern auch der Wiſſenſchaft zu Nutzen kommen. So zweifeln wir nicht, daß Geo⸗

64 1675 1262 34 graphen mit Intereſſe vorſtehenden Atlas in die Hand nehmen und manches Neue

64 1719 1258 34 darin finden werden. Dieß gilt beſonders von einigen Karten Weſtafrikas und Polyneſiens.

135 1775 1187 34 Der „Allgemeine Miſſionsatlas“ zerfällt in vier Abtheilungen: Afrika (3 Liefe⸗

65 1819 1255 35 rungen), Aſien mit Inbegriff der Türkei (4 Lief.), Polyneſien (1 Lief.), Amerika

61 1863 1264 35 (1 Lief.), wovon jedoch die letzte Abtheilung noch nicht ausgegeben wurde. Aus⸗

67 1907 1261 36 ſtattung und techniſche Ausführung ſind, wie ſich nicht anders von der berühmten

61 1952 1257 34 Officin Perthes in Gotha erwarten ließ, ausgezeichnet. Insbeſondere ſind die Ueber⸗

67 1997 1255 33 ſichtskarten, welche durch Farbentöne zugleich die Verſchiedenheit der Religion und die

59 2041 1267 34 Dichtigkeit der Bevölkerung angeben, gut ausgefallen. Jeder Karte folgt ein kurzer

67 2085 1253 34 erläuternder Text, welcher „dem Leſer ein Bild von den natürlichen Verhältniſſen des

63 2128 1258 37 betreffenden Landes, ſeiner politiſchen Lage, der bisherigen Entwicklung der Miſſion u. ſ. w.”

61 2171 1260 40 bieten will. Die Angabe der proteſtantiſchen Miſſionsſtationen ſcheint ziemlich voll⸗

65 2217 1250 40 ſtändig zu ſein; dagegen ſah ſich H. Grundemann genöthigt, in der Vorrede ſein Be⸗
