1420 2339
669 21 84 38 355

92 119 1250 34 ſich und der Kirche Achtung zu verſchaffen. Hier ein Beiſpiel davon. Ein Dr.

81 161 1262 35 Bromby, Clergyman der Hochkirche und Vorſtand der hochkirchlichen Lehranſtalt, hielt

83 207 1263 35 vor einigen Monaten in der großartigen neuen Stadthalle einen Vortrag (lecture),

79 251 1266 35 worin er unter anderen Thorheiten auch die behauptete, daß der Gottloſe nach ſeinem

81 297 1264 34 Tode, ſtatt in die Hölle zu ſtürzen, in's Nichts zurückkehre, etwa wie eine Thierſeele.

88 342 1258 31 Der Mann genoß großes Anſehen, und ſeine Behauptung, die er bald durch den

84 386 1262 32 Druck herausgab, fand beim leichtſinnigen Publikum großen Anklang. Da hielt nun

81 429 1265 34 P. William Kelly einen Vortrag über dieſe gefährliche Lehre in derſelben Halle, welche

85 475 1265 32 von Zuhörern aller Stände und Confeſſionen gedrängt voll war. Lautlos horchte die

87 519 1257 34 Menge faſt drei Stunden lang dem fließenden Strome der Beredſamkeit des Paters,

86 565 1254 31 und ein rauſchender allgemeiner Beifall am Schluſſe beſiegelte den Erfolg. Der hoch⸗

91 609 1256 33 kirchliche Biſchof ſelbſt war zugegen und ſchloß ſich dem Ausdrucke des Beifalles an.

83 653 1264 33 Am folgenden Tage waren die (proteſtantiſchen) Zeitungen, welche die lecture am

83 697 1264 33 ausführlichſten gaben, um 10 Uhr alle vergriffen; P. Kelly gab dem allgemeinen

81 741 1260 33 Wunſche nach und veröffentlichte ſeine Vorlesung im Druck, und Dr. Bromby ließ

87 784 422 34 weiter nichts von ſich hören.”

149 884 1203 32 Südamerika. Während die Revolution jetzt wiederum ihren blutigen Umgang

87 928 1255 32 in den Republiken Centralamerika’s hält, zeigen ſich in den südamerikaniſchen gün⸗

87 972 1257 33 ſtigere Ausſichten für die Kirche. In Peru kann endlich der päpſtliche Delegat ſeinen

83 1015 1258 35 Sitz nehmen. Nach Neu⸗Granada konnten die katholiſchen Biſchöfe, welche in Folge

83 1062 1259 32 der Revolution vom Juli 1861 (nicht 1851, wie irrthümlich im vorigen Heft, S. 218,

85 1106 1262 34 Z. 7, gedruckt worden) in die Verbannung gehen mußten, längſt ſchon zurückkehren

90 1151 1252 32 und am 29. Juni 1868 eine Synode feiern, deren heilſame Beſchlüſſe in Rom be⸗

86 1194 1264 36 ſtätigt wurden und dann ſammt einer ſpaniſchen Überſetzung in der Metropolitan⸗

88 1240 1262 34 druckerei von Bogota erſchienen. Ebendort wird auch ein officielles kirchliches Wochen⸗

83 1286 670 34 blatt, „La Unidad catolica,“ herausgegeben.

163 1372 1185 37 Literariſches. Die populären Schriften, welche in der Gegenwart die päpſt⸗

89 1418 1264 36 liche Unfehlbarkeit vertheidigten, behandelten gewöhnlich dieſen Gegenſtand abgeriſſen

87 1462 1256 36 für ſich, weil derſelbe das am meiſten angegriffene Dogma war. Hierdurch geht aber

89 1507 1258 36 für deſſen Verſtändniß viel Licht verloren; denn die genannte Prärogative des Papſtes

85 1553 1261 34 ergibt ſich, ſelbſt nach dem Zugeſtändniſſe gelehrter Proteſtanten, mit Evidenz aus

87 1598 1259 35 der katholiſchen Idee der Kirche und kirchlichen Verfaſſung, deren Schlußſtein ſie

86 1643 1264 35 bildet. Darum freut es uns, daß, nachdem der heftigſte Sturm wider die päpſtliche

88 1686 1260 36 Unfehlbarkeit vorübergebrauſt iſt, populäre Schriften dieſe jetzt auch im Zuſammen⸗

88 1730 1261 38 hange mit der ganzen kirchlichen Verfaſſung zu behandeln beginnen, wie es z. B.

87 1773 1261 40 in der trefflichen Schrift Grundkötter's, „Die Verfaſſung der Kirche“ (Ruſſel,

87 1824 529 34 Münſter 1871. SS. 308), geſchieht.

162 1912 1185 44 Todtenzettel eines Proteſtkatholiken. Um einen neuen Beweis zu liefern,

88 1956 1261 44 wie die Proteſtkatholiken den Tod eines ihrer Mitglieder zur Propaganda mißbrauchen,

96 2008 918 37 theilen wir folgenden in Bonn ausgegebenen Todtenzettel mit:

159 2053 1186 48 „Ich habe den guten Kampf gekämpft, den Lauf vollendet, den Glauben bewahrt.“

94 2109 201 37 II. Tim. 4, 7.

161 2143 1198 47 „Zum Andenken an den hochw. Herrn Johann Baptiſt Baltzer, Doctor

84 2189 1273 46 der Philoſophie und Theologie, Domcapitular und Profeſſor der Dogmatik an der

92 2234 1260 49 Univerſität zu Breslau, Ritter ꝛc., welcher, 68 Jahre alt, nach einem kurzen, aber

1085 2275 56 35 24*
