1420 2340
722 30 42 35 24

114 121 590 36 fehlbarkeit den denkbar weiteſten Umfang

116 165 148 31 zuerkennt ⁸.

143 251 569 36 Und ſo halten wir uns auch trotz der

107 295 601 37 biſchöflichen Rüge für wohlberechtigt, auch

116 340 598 36 fernerhin die Unfehlbarkeit, welche dem

118 385 587 35 Papſte und ihm allein, ohne jede Theil⸗

120 428 590 36 nahme Anderer, zukommen ſoll, eine

111 474 598 34 perſönliche zu nennen; denn dieſer

115 519 590 32 Ausdruck iſt hier vollkommen richtig und

113 562 597 33 entſpricht, dem allgemeinen, Sprachge⸗

120 606 590 34 brauche, wie man denn die Gewalt, welche

117 652 594 34 ein Monarch unabhängig von den anderen

119 694 597 36 Staatsbehörden für ſich beſitzt und übt, eine

112 740 596 35 perſönliche zu nennen pflegt; denn auch

123 785 596 33 eine amtliche Prärogative heißt dann mit

116 830 593 33 Recht eine perſönliche, wenn ſie ſo feſt und

120 874 588 34 unzertrennlich an die Perſon geknüpft iſt,

112 918 596 33 daß dieſe ſich ihrer weder entäußern noch

115 961 596 35 ſie anderen übertragen kann⁹. — Wenn

115 1005 599 34 man, was die deutſchen Biſchöfe unter⸗

122 1050 588 34 laſſen, die Verdammungen des Syllabus,

115 1094 596 35 welcher nun ein mit päpſtlicher Unfehl⸗

115 1138 594 34 barkeit bekleidetes Decret geworden iſt, die

119 1182 591 35 feierliche Verdammung der öſterreichiſchen

111 1227 604 34 Verfaſſung durch den Papſt, die gleichzei⸗

115 1271 596 35 tigen Publicationen der Jeſuiten in Laach,

116 1316 591 32 in Wien und in Rom — die bekanntlich

115 1359 599 33 beſſer, als die deutſchen Biſchöfe über die

118 1404 598 34 Abſichten der Curie unterrichtet ſind —

122 1450 596 33 wenn man alles dieſes mit den vatica⸗

117 1494 601 34 niſchen Decreten zuſammenhält, ſo muß

120 1537 594 35 man die Augen ſchließen um den wohl⸗

119 1581 594 35 überlegten Plan päpſtlicher Univerſalherr⸗

128 1626 581 36 ſchaft nicht zu erkennen ¹⁰. Unſere Regie⸗

772 126 592 33 feſſoren Hergenröther, Scheeben u. ſ. w.,

768 168 600 34 welche klar zeigen, daß die päpſtliche Un⸗

776 213 597 33 fehlbarkeit den modernen Staaten nicht

769 257 594 34 gefährlich ſei. — Und⁹ ſo halten wir auch

773 301 598 35 trotz der berechtigten biſchöflichen Rüge

767 345 588 34 feſt an dem Schlagwort der „perſönlichen“

773 389 599 33 Unfehlbarkeit; denn dieſer Ausdruck iſt

775 434 590 33 zwar vollkommen falſch in dem Sinne, in

775 477 593 34 welchem wir ihn bisher ſtets gebraucht

775 521 591 35 und die Bisſchöfe ihn gerügt haben; wie

773 566 589 34 wir denn ihn nur wählten, um wenig

771 611 603 33 Unterrichtete glauben zu machen, daß der

778 655 598 33 Papſt nach perſönlicher Willkür und per⸗

779 699 587 33 ſönlichem Belieben alle möglichen, und

772 743 595 33 unmöglichen Sätze als Glaubenswahr⸗

771 788 602 32 heiten aufſtellen könne; aber um ja nicht

772 832 596 33 dieſes unſer Unrecht einzugeſtehen, ſuchen

773 875 598 35 wir lieber leere Ausflüchte und behaupten

771 921 605 33 auf dieſe Weiſe die „Unwiderleglichkeit“, die

775 965 597 31 uns ſo „perſönlich“ iſt, daß wir uns der⸗

779 1008 597 33 ſelben nicht entäußern können. — Wenn

772 1052 599 35 wir vernünftig, was wir aber zu thun

775 1097 590 34 uns hüten, die Verwerfung der Theſen

767 1141 602 33 des Syllabus, die Verurtheilung des öſter⸗

771 1187 604 31 reichiſchen Vertragbruches, die gleichzeitigen

771 1230 605 32 Publicationen der Jeſuiten — welche be⸗

771 1273 601 33 kanntlich von uns nur ſtets vorgeſchoben

773 1316 603 35 werden, um der liberalen Sippe uns zu

774 1354 601 39 versichern — wenn wir alles dieses ver⸗

775 1402 596 36 nünftig mit den Vaticaniſchen Decreten

775 1447 600 35 zuſammenhalten, ſo müßten wir die Augen

781 1492 591 35 ſchließen, um nicht zu ſehen, daß nur

773 1537 602 35 grenzenloſe Böswilligkeit oder bodenloſer

779 1582 592 33 Unverſtand, von einem wohlüberlegten

775 1627 592 33 Plan päpſtlicher Univerſalherrſchaft faſeln

187 1735 1189 38 ⁸ Da die Altkatholiken eine neue Sprache angenommen haben, ſcheint ihnen die

125 1783 1252 34 Kenntniß der deutſchen und engliſchen ein wenig abhanden gekommen zu ſein; ſonſt

115 1828 1258 32 würden ſie wohl nicht aus dem Hirtenbrief des hochw. Erzbiſchofes von Weſtminſter

115 1872 415 34 Unſinn herausgeleſen haben.

205 1916 1175 33 ⁹ Der Ueberſetzer iſt für den Mangel an logiſchem Zuſammenhang, der hier zu

119 1960 1253 35 Tage tritt, nicht verantwortlich, da er ſich an den Urtext halten muß. Vgl. die Paren⸗

117 2004 250 33 theſe in Anm. 5.

189 2046 1191 34 ¹⁰ Iſt vielleicht folgende Ueberſetzung richtiger? „Wenn man — was wir ſchon

122 2091 1254 37 zu verhindern wiſſen — die verläumderiſchen Anſchuldigungen des Janus und Qui⸗

120 2136 1253 36 rinus gegen Kirche und Papſt, unſern feierlichen Verdammungen der Vaticaniſchen

122 2178 1252 39 Decrete, die öffentlichen Reden eines der Unterzeichneten in verſchiedenen Städten —

124 2224 1260 38 der bekanntlich gewöhnlich mehr ſagt, als wir im Allgemeinen wünſchen — wenn man
