1420 2340
667 18 79 50 533

139 129 1188 36 Daß der Verfaſſer es auf Vernichtung der katholiſchen Kirche abgeſehen hat, be⸗

77 173 1256 36 weist, außer ſeinen ſonſtigen Geſtändniſſen, vor Allem der Umſtand, daß er (S. 62

80 217 1254 35 n. 6), ähnlich dem Julianus Apoſtata die Katholiken von allen Religionslehrerſtellen

77 261 797 34 an Staats⸗ und Communal⸗Schulen ausſchließen will.

145 305 1188 38 Doch kommen wir zum Schluß! — So habe ich denn Ihre Prophezeihung, Herr

76 351 1250 35 Profeſſor, verwirklicht, daß Ihr Buch von Seiten der „Utramontanen“ nicht ohne

77 395 1254 36 Anfechtung bleiben werde. Wenn daraus folgen ſoll (S. 92), daß Sie eben, „das

83 439 1234 35 Richtige“ getroffen haben, ſo kommt es darauf an, was man unter dem „Richtigen“

80 484 1258 36 verſteht. Darüber gehen aber die Anſichten heutzutage leider vielleicht mehr als je

76 528 175 34 auseinander.

861 568 407 43 L. v. Hammerſtein, S. J.

336 811 733 43 Rundſchau zur kirchlichen Lage.

155 981 1177 40 1. Die Adreſſe der Biſchöfe Preußens und die Adreſſe des elſäſſiſchen

73 1028 1260 41 Geſammt-Klerus. Die Adreſſe der Biſchöfe Preußens an Se. Majeſtät

75 1076 1257 41 den Kaiſer, datirt vom 7. September, gelangte ihrem Wortlaute nach erſt im

82 1125 1253 41 verfloſſenen Monat zur öffentlichen Kenntniß. Ein klares und feſtes Wort

81 1173 1252 41 haben die Biſchöfe zum Landesherrn geredet. Der kernige Inhalt des denk⸗

87 1221 1201 39 würdigen Schriftſtückes läßt ſich füglich in folgende Sätze zuſammenfaſſen.

163 1270 1180 36 Während die deutſchen Biſchöfe mit den Oberhirten der katholiſchen Welt

84 1318 1258 36 in Rom verſammelt waren, erhob ſich in Deutſchland eine planmäßige Agi⸗

87 1366 1247 37 tation wider die im Concil gepflogenen Verhandlungen. Eine der perfideſten

79 1414 1255 37 Machinationen dieſer Agitation beſtand darin, den Geiſt des Concils als

77 1461 1266 39 einen humanitäts⸗ und ſtaatsfeindlichen darzuſtellen und durch Erregung von

87 1507 1249 42 Mißtrauen gegen die Kirche die hohen Staatsbehörden zu feindſeligen Maß⸗

87 1555 1246 43 regeln gegen dieſelbe zu veranlaſſen. Indeſſen die Biſchöfe Preußens hielten

86 1604 1250 41 im Vertrauen auf die angeſtammte Weisheit und Gerechtigkeit des erhabenen

86 1651 1250 44 Herrſcherhauſes die Durchführung eines ſolchen Planes im engeren Vaterlande

88 1699 1246 43 für unmöglich. Nichts deſto weniger hat es in letzterer Zeit den Anſchein

84 1747 1252 44 genommen, als ob jene Verdächtigungen und Ketzereien nicht ganz des beab⸗

94 1795 1248 43 ſichtigten Erfolges entbehrten und Mißverſtändniſſe und tiefer gehenden Arg⸗

86 1844 1247 45 wohn auch in ſolchen Regionen hervorgerufen hätten, welche durch ihre Stel⸗

92 1892 1245 45 lung über die unreifen Tageserzeugniſſe leidenſchaftlichen Parteigetriebes er⸗

84 1941 1251 46 haben zu ſein pflegen. Dieſe Furcht haben zumal die Erlaſſe des hohen

88 1988 1255 47 Cultusminiſteriums an den Biſchof von Ermland¹ wach gerufen. „Nach den

90 2037 1197 45 Grundſätzen, die dort als Motive der Verfügungen ausgeſprochen werden, —

90 2086 1251 44 erſchiene die ganze gegenwärtige katholiſche Kirche in Preußen als recht⸗ und

90 2135 1252 45 ſchutzlos, und als wären die wenigen Abtrünnigen die allein berechtigten Ver⸗

166 2240 334 35 ¹ Vgl. 2. Heft S. 151.

1065 2262 90 38 36

127 2284 227 32 Stimmen. I. 6.
