1420 2339
702 68 42 33 30

102 159 592 35 ſchaft an dem Leibe der allgemeinen Kirche,

99 202 591 36 aber frei von dem Joch unberechtigter

100 246 593 36 Herrſchſucht, jedes ſein Kirchenweſen, ent⸗

102 291 592 36 ſprechend ſeiner Eigenart und im Einklange

97 334 592 36 mit ſeiner übrigen Culturmiſſion und ein⸗

98 378 598 38 trächtiger Arbeit von Klerus und Laien

96 422 599 38 geſtaltet und ausbildet²⁰ und die geſammte

102 467 587 38 katholiſche Welt ſich der Führung eines

107 507 582 44 Primats und Epiſkopats erfreut, der durch

99 554 590 38 Wiſſenſchaft und durch die thätige Theil⸗

99 599 592 38 nahme an einem gemeinſamen Leben ſich

104 641 589 41 die Einſicht und die Befähigung erworben

99 686 594 40 hat, um der Kirche die ihrer einzig wür⸗

96 730 595 41 dige Stelle an der Spitze der Weltcultur

105 775 588 41 wieder zu verſchaffen und auf die Dauer

95 821 607 38 zu erhalten. Auf dieſem Wege, und nicht

104 865 589 39 durch die vaticaniſchen Decrete, werden wir

101 910 600 38 zugleich uns dem höchſten Ziele chriſtlicher

104 952 593 40 Entwicklung wieder nähern ²¹, der Ver⸗

106 996 594 41 einigung der jetzt getrennten chriſtlichen

101 1039 594 43 Glaubensgenoſſenſchaften, die, von dem

103 1082 596 46 Stifter der Kirche gewollt und verheißen

103 1129 589 42 iſt, die mit immer ſteigender Kraft der

106 1172 585 44 Sehnſucht von unzähligen Frommen, und

93 1218 606 42 nicht am wenigſten in Deutſchland, begehrt

101 1263 593 41 und herbeigerufen wird. Das gebe Gott!

273 1351 386 35 (Folgen 31 Unterſchriften.)

748 160 605 33 keine Ausſicht auf die erſehnte „höhere

753 205 591 31 Einheit“, in welche Katholicismus und

755 247 594 33 Freimaurerthum nebſt Anhängſeln auf⸗

751 292 594 34 gehen könnte, noch auf die Auflöſung der

751 336 597 33 katholiſchen Kirche in allgemein chriſtliche

755 380 595 33 Nationalkirchen, welche unabhängig vom

750 423 596 35 Papſte, aber abhängig von hoher obrig⸗

751 466 604 36 keitlicher Bewilligung, ihr Kirchenweſen

751 512 600 35 geſtalten, ſondern es zeigt ſich uns das

755 558 602 32 nämliche Bild, das uns die Gegenwart

756 601 599 33 bietet: eine einzige und einige katholiſche

756 643 598 38 Kirche, die ſich der Führung eines Pri⸗

756 688 595 36 mates und Epiſkopates erfreut, welcher

756 733 599 36 durch wahre Wiſſenſchaft und durch thätige

753 775 603 39 Theilnahme am katholiſchen Leben be⸗

760 822 596 37 weiſt, daß er die Einſicht und Befähigung

752 866 608 38 beſitzt, der Kirche die ihrer einzig würdige

756 909 598 39 Stelle an der Spitze der chriſtlichen Welt⸗

756 953 594 38 cultur und des chriſtlichen Fortſchrittes

759 998 598 37 unter dem verheißenen göttlichen Beiſtande

756 1041 604 39 auf die Dauer zu bewahren und zu er⸗

760 1086 589 40 halten. Auf dieſem Wege allein, und nicht

756 1130 598 40 durch unſere leeren Phraſen von unmög⸗

757 1174 592 41 lichen „höheren reineren Einheiten“, wird

758 1220 591 40 die katholiſche Kirche ihr Ziel erreichen,

753 1264 604 40 die Rückkehr der getrennten Glaubensge⸗

750 1309 603 37 noſſenſchaften herbeiführen, die von allen

755 1354 601 35 deutſchen Katholiken heiß erſehnte Einigung

759 1399 596 34 ihres ſchönen Vaterlandes im Glauben

756 1442 598 36 beſchleunigen, während von uns zur Be⸗

751 1489 607 35 trübniß aller Wohlmeinenden nur größere

752 1535 605 35 Spaltung und Uneinigkeit in Deutſchland

749 1580 613 34 begehrt und herbeigeführt wird. Aendere

753 1625 356 35 Gott unſere Geſinnung!

165 1741 1185 42 ²⁰ Die Stelle iſt nicht ganz klar und wurde theilweiſe nach Conjectur überſetzt.

100 1793 1256 36 Ob die deutſchen Katholiken getrennt von den deutſchen Proteſtanten u. ſ. w., ein

99 1838 1259 34 eigenes „Culturvolk katholiſchen Bekenntniſſes“ in der Zukunft bilden werden, oder ob

101 1882 1251 34 die Deutſchen im Sinne der Altkatholiken nicht zu den Culturvölkern rechnen, oder ob

99 1926 1034 34 für dieſe keine Regeneration in Ausſicht ſtehe, läßt ſich nicht ermitteln.

171 1968 1188 38 ²¹ Die Erklärung dieſes dunklen Ausdruckes finden wir in einem Dankſchreiben

99 2015 1253 34 ν. Döllingers an die juriſtiſche Facultät zu Marburg:  „Wir (altkatholiſche) Deutſche

101 2059 1263 33 können und wollen der Hoffnung nicht entſagen, . . . . daß die vor 300 Jahren unver⸗

99 2103 1257 35 meidlich (!!!) gewordene Trennung in einer, wenn auch jetzt noch entfernten Zukunft

103 2148 1245 35 zu höherer reinerer (!!!) Einheit ſich wieder zusammenſchließe.“ Man beachte

105 2193 1239 37 den „altkatholiſchen“ Ausdruck: „die ſich zur Einheit zuſammenſchließende Trennung.“
