1420 2340
588 448 252 33 Miscellen.

176 553 1166 33 Frankreich. Die päpſtlichen Zuaven. Je tiefer unſere weſtlichen Nach⸗

94 588 1248 33 barn durch Krieg und Revolution in's Unglück gerathen ſind, deſto kleinlauter wird die

96 624 1251 32 liberale Bourgeoiſie, deſto heldenmüthiger verſchaffen ſich die beſſeren und katholiſchen

91 659 1256 32 Elemente, welche viel zahlreicher ſind, als man hierzulande gewöhnlich meint, mit jedem

91 696 1257 31 Tage größere Geltung. Zum erſtenmale ſeit der großen Revolution gab die Depu⸗

96 731 1260 32 tirtenkammer wieder ein Lebenszeichen von Religion; ſie beſchloß zu Verſailles mit

93 767 1250 32 ungeheurer Mehrheit eine im ganzen Lande am Pfingſtfeſte, 28. Mai, für Frankreichs

95 803 443 33 Rettung abzuhaltende Andacht.

168 838 1182 32 Der Vendéer Held, General de Charette, noch im vorigen Jahre Oberſtlieu⸗

100 873 1247 33 tenant des päpſtlichen Zuavenregiments, der aus ſeinen im Dienſte des hl. Vaters

91 908 1259 35 geweſenen Landsleuten und Neugeworbenen die „Legion des Weſtens“ mit markirtem

96 944 1252 32 katholiſchem Gepräge gebildet hatte, wollte am 28. Mai einen ritterlichen Act chriſtlichen

93 979 1258 32 Bekenntniſſes vollziehen indem er ſein Regiment dem heiligen Herzen Jeſu weihte.

96 1015 1260 30 Tags zuvor erließ er folgenden „Tagesbefehl für die Legion,“ der uns vorliegt:

173 1059 1182 32 „Rennes, 27. Mai 1871. Nachdem die Kammer öffentliche Gebete angeordnet hat,

104 1095 1252 32 ſcheint es mir ganz natürlich, einen Plan auszuführen, der mir am Herzen liegt, und

94 1131 1257 32 von welchem Viele von Ihnen, meine Herren, oft mit mir geſprochen haben. Ich

93 1167 1256 31 weiß nicht, was aus uns werden wird, denn Gottes Abſichten ſind undurchdringlich;

98 1202 1254 33 aber wir müſſen, glaube ich, einen weitern Act in die Regimentsannalen einfügen,

99 1237 1255 34 die mit allerlei, oft für uns traurigen, aber ſtets rühmlichen Thaten angefüllt ſind.

106 1272 1256 35 Wir ſtehen vor Unglücksfällen, gegen welche ſich Geiſt und Herz empören, deren

103 1308 1252 34 thatſächliche Wahrheit ſie nur mit Mühe glauben können. Die Revolution, die auf

105 1343 1253 34 ewig verſchwinden ſollte, hat vielleicht ihr letztes Wort noch nicht geſprochen; das Re⸗

107 1380 1249 34 giment, ihr natürlicher Gegner, iſt die Zielſcheibe aller ihrer Angriffe. Was ſetzen

97 1415 1260 35 wir alſo beim Bekenntniſſe unſeres Glaubens auf's Spiel, wir, die wir, mögen wir

97 1451 1259 35 wollen oder nicht, die religiöſe Idee in Frankreich vertreten? Und wenn Frankreich

103 1487 1253 35 gerettet werden ſoll, ſo geſchieht es durch die Religion, durch das Gebet. Ich glaube

100 1524 1258 32 alſo, die Zeit iſt gekommen, mein theuerſtes und heißeſtes Verlangen auszuführen.

103 1559 1261 32 Morgen wird keine Regimentsmeſſe ſein; dagegen wird in der Seminarkapelle eine

101 1595 1257 31 Meſſe ſtattfinden, und ich werde das Glück haben, meinerſeits das Regiment dem

104 1630 1258 31 heiligen Herzen zu weihen. Das heilige Herz, welches ihr alle auf euerer Bruſt traget,

105 1665 1256 32 iſt unſere mit dem Blute unſerer armen Kameraden gefärbte Fahne, unſerer Kame⸗

104 1701 1255 33 raden, die, auf dem Schlachtfelde gefallen, das Regiment in Frankreich verherrlicht haben.

103 1737 1265 33 Der Kaplan wird die Weiheformel leſen, welche der General de Sonis ſelbſt verfaßte,

107 1772 1251 34 und mit deren Zuſendung er mich beehrte. Obgleich ich im Namen des Regiments

103 1807 1258 36 dieſen Act der Weihe vollziehe, ſo iſt dieſelbe doch für Niemand verbindlich; aber ich

107 1844 1262 35 brauche Ihnen nicht zu ſagen, wie glücklich und ſtolz ich wäre, wenn ich morgen Sie

108 1878 1107 38 Alle in meiner Umgebung ſehen dürfte. Ich zähle auf Sie, meine Herren.

939 1916 380 32 Gez. General de Charette.”

181 1960 1184 33 In der That erſchien am 28. Mai, wie das Univers berichtet, das ganze Regi⸗

108 1995 1255 36 ment in Waffen bei der hl. Meſſe. (Neben dem Altare hielt ein Offizier die Fahne,

106 2029 1255 38 welche ſo rühmlich in der Schlacht bei Patay wehte.) Alle knieten, in ihrer Mitte der

108 2065 1253 37 General de Charette und Monſeigneur Daniel, ſchon zu Rom erſter Zuavenkaplan.

105 2102 1265 35 Endlich erhob ſich der Letztere und las die feierliche Weiheformel. Alle Anweſenden

105 2139 1261 34 waren tief gerührt; die allgemeine Bewegung ſteigerte ſich noch, als General de Charette

108 2175 1260 34 die Hände hoch gegen den Altar erhob und mit lauter, feſter Stimme sprach: „Im

115 2211 1252 34 Schatten dieſer Fahne, die mit dem Blute unſerer theuerſten Opfer gefärbt iſt, vor

111 2247 1268 35 eurem Angeſichte, Freiwillige des Weſtens, päpſtliche Zuaven, weihe ich, General Baron
