1419 2339
698 43 50 33 55

97 135 1258 39 dauern auszuſprechen, daß er „zur Darſtellung der katholiſchen Miſſionen bei weitem

89 180 1260 38 nicht ausreichende Quellen erlangen konnte.“ An dieſe Bemerkung wollen wir an⸗

93 225 1260 37 knüpfen, um trotz der Anerkennung, die wir dem großen Fleiße des Verfaſſers und

104 271 1254 36 ſeinem Beſtreben einer objectiven Auffaſſung zollen, die Mängel ſeines Werkes hervor⸗

88 314 114 34 zuheben.

166 380 1186 37 Hätte der Verfaſſer einen Atlas der proteſtantiſchen Miſſionen herausgeben wollen,

99 425 1254 35 ſo würden wir wenig an ſeinem Unternehmen ausſetzen; und wir hätten in dieſem

89 469 1258 36 Falle die Notirung der katholiſchen Miſſionsſtationen, deren geographiſche Beſtimmung

89 513 1267 36 ihm möglich geweſen, als eine willkommene Beigabe mit Dank angenommen. Aber er

93 559 1264 33 wollte einen allgemeinen Miſſionsatlas bieten und in ihm nicht nur die gegenwärtigen

93 602 1260 35 Stationen und Statiönchen, ſondern ſelbſt die aufgegebenen zeichnen; und nichtsdeſto⸗

91 646 1258 36 weniger hat er am dürftigſten das gewaltige ſeit Jahrhunderten betriebene katholiſche

91 690 1257 36 Miſſionswerk behandelt, gegen deſſen Früchte die Erfolge der proteſtantiſchen Miſſions⸗

95 737 1254 34 geſellſchaften, trotz der Millionen Pfund Sterling, die darauf verwendet worden und

89 780 1264 36 noch immer verwendet werden, vollig zurücktreten. Erſt in der letzten Karte der zweiten

89 823 1258 36 Lieferung wird zur Angabe einiger katholiſchen Miſſionsſtationen Farbe verwandt.

85 865 1266 37 In den dreizehn vorhergehenden Karten fand ich kein anderes Zeichen der katho⸗

96 912 1251 35 tholiſchen Kirche in Afrika, als daß bei den Corisko⸗Miſſionen zweimal R. C. M. an⸗

93 957 1256 35 gedeutet und im Plan der Capſtadt die Lage der katholiſchen Kirche angegeben worden

89 999 1258 37 iſt. Es wird das freilich auf der Generalkarte Afrikas in etwa nachgeholt, da dort

91 1043 1256 38 mehrmals die Anweſenheit von Katholiken notirt wird, aber auch das noch ungenügend.

81 1088 1268 36 Dem Herausgeber ſtand für dieſe Generalkarte, abgeſehen von den Jahrbüchern des

93 1132 1254 36 Glaubens, nur das „Dictionnaire des missions catholiques par Dr. E. de Djun-

89 1176 1260 38 kowky, Paris 1864“, zu Gebote; für die meiſten andern Karten Afrikas ſcheint er

91 1221 1252 37 nicht einmal dieſe Bücher gehabt zu haben, da in denſelben die Stationen fehlen, welche

89 1266 1256 36 auf der Generalkarte verzeichnet ſind. Wie hätte auch Einer, der jene Jahrbücher be⸗

89 1312 1257 33 nutzte, den Jeſuiten die Miſſion in Dahomey zutheilen können? Die Prieſter der

85 1353 1262 37 Geſellſchaft für die afrikaniſchen Miſſionen haben doch vor der heuer erfolgten Auf⸗

91 1399 1255 35 löſung ihrer Miſſion und des damit verbundenen apoſtoliſchen Vicariats von Dahomey

88 1444 1258 34 genug detaillirte Briefe und Angaben darüber in den Annalen veröffentlicht. Mit

86 1488 1256 34 Unrecht werden auch die portugieſiſchen Beſitzungen in Nieder⸗Guinea und Mozam⸗

85 1531 1260 36 bique, mit Ausnahme weniger Punkte an der Küſte, als heidniſch hingeſtellt. Die

85 1576 1260 35 Portugieſen ſelbſt ſchlagen die Zahl der Katholiken in ihren indiſchen (Goa) und

89 1621 1258 35 afrikaniſchen Beſitzungen auf zwei Millionen an, und man hat kein Recht, dieſe

87 1665 1258 37 Angabe dahin zu berichtigen, daß man von den Bewohnern der Kolonien nur die

85 1709 1265 36 Europäer und ihre Abkömmlinge zur Kirche rechnet, die Eingebornen aber einfachhin

81 1753 1260 37 in’s Heidenthum verweiſt. Der Zuſtand der Kirche iſt dort allerdings über alle Maßen

89 1799 1254 35 kläglich. Das „gläubigſte Königreich“ verließ im vorigen Jahrhundert gänzlich die

87 1843 1254 34 glorreichen Traditionen ſeiner großen Könige, welche von glühendem Eifer die katho⸗

91 1887 1258 35 liſche Religion zu verbreiten beſeelt, ihr ungeheures, einen Küſtenſtrich von 5000 Meilen

91 1930 1254 37 beherrſchendes Colonialreich gegründet hatten. Man bekannte ſich zur politiſchen Philo⸗

85 1974 1263 37 ſophie des Proteſtantismus, dem Liberalismus, und verweigerte dem Schöpfer jeden

81 2017 1266 39 Antheil an der Regierung der bürgerlichen Geſellſchaft. Man hemmte aus allen Kräften

81 2061 1257 39 den Einfluß des heiligen Stuhles, unterdrückte die Orden, knechtete die Kirche. Was

91 2104 1257 41 Wunder, daß die herrlichſten Miſſionen verkümmerten, da ihre Lebensadern unterbunden

81 2146 1259 44 waren! Seitdem geriethen aber auch die Kolonien Portugals in ſolchen Verfall,

81 2191 1258 45 daß deren Schwäche und Unordnung faſt ſprichwörtlich geworden ſind. Doch in neueſter

77 2235 1266 46 Zeit hat die portugieſiſche Regierung die erſten Schritte zur Aenderung dieſer unſeligen
