1419 2339
681 38 61 37 475

170 137 1180 40 So der hochkirchliche Vicekönig von Oſtindien über Jeſuiten in

81 193 586 41 Gegenwart vieler ſeiner Beamten.

165 250 1176 39 4. The St. Stanislaus' Orphanage. Ein beſcheideneres

75 306 1272 40 Bild, als die großen Collegien in Bombay und Calcutta, bietet das

79 364 1263 39 Waiſenhaus zum hl. Stanislaus in Bandora, 3 Meilen von Bombay.

85 418 1257 42 Es iſt die Schöpfung des hochwürdigſten Biſchofs Steins S. J, der aus

79 476 1269 42 Mitleid für die vielen armen Kinder, Chriſten ſowohl als Heiden, die

78 535 1261 39 in Bombay ohne Eltern, ohne Erziehung und ohne Chriſtenthum in

80 592 1257 41 der bitterſten leiblichen und geiſtigen Noth ihre Jugend verbetteln, dieſes

78 650 1264 40 Waiſenhaus eröffnet und ihm mehrere Jeſuiten zur Leitung und zum

79 707 1263 38 Unterricht gegeben hat. ES zählte zu Anfang dieſes Jahres, 1871,

77 763 1170 39 190 Knaben, ſchwarze und braune Kinder von 4 bis 14 Jahren.

161 819 1181 41 Wir folgen in den Angaben über dieſe Anſtalt den Briefen des

80 876 1265 40 P. F. Frank, der die Jahre 1867—70 als Präfekt und Katechet bei

77 936 775 39 dieſen Kindern zugebracht hat. Er ſchreibt:

152 1003 1182 38 „Nun werden Sie fragen, woher die Kinder alle und woher der Unterhalt für

82 1048 1253 36 diese zahlreiche ſchwarze Familie? Das letzte iſt einfach: wir leben im Allgemeinen

74 1094 1264 35 von Gottes Vorſehung, und im Beſondern von Almoſen und der Gnade unſeres frei⸗

79 1138 1255 34 gebigen hochw. Biſchofs, der uns ſchon oft all' ſein Geld bis auf den letzten Rupie

82 1184 1252 34 für unſere kleinen Schwarzen gegeben hat. Sie wiſſen, die Patres, welche als Feld⸗

78 1227 1262 35 geiſtliche angeſtellt ſind, beziehen von der Regierung monatlich je 200 Rupien. Davon

82 1272 1256 34 brauchen ſie nicht die Hälfte. Damit ſie nun nicht in Verlegenheit kommen, was mit

81 1317 1257 34 dem übrigen Gelde anzufangen ſei, hat der hochw. Biſchof sie angewieſen, den Über⸗

83 1361 906 33 ſchuß dem Procurator der Waiſenhäuſer zukommen zu laſſen.

146 1404 1190 34 Nun zur erſten Frage, woher die Kinder alle? Das iſt noch viel einfacher; die

73 1449 1266 33 könnten wir in der Stadt von mehr als ¾ Millionen Einwohnern auf den Gaſſen

78 1493 1262 36 zuſammenſuchen. Hätten wir nur Raum und Mittel genug für die, welche man

71 1536 1264 37 uns aufdringen will. Das bedarf keines weitern Commentars. Von denen, die

77 1581 1261 37 gegenwärtig, 1870, hier erzogen werden, ſind ⅔ geborne Indier, ⅓ ſind Neger, be⸗

81 1625 1059 37 freite Sklavenkinder, deren Lebensgeſchichte ich Ihnen kurz erzählen will.

145 1669 1194 39 Sie glauben wohl in Deutſchland, der Sklavenhandel habe bei gegenwärtigem

79 1713 1262 40 Stande der Civilisation aufgehört? O gewiß nicht! Tauſende von Negern werden

69 1759 1271 38 noch heutzutage an der Oſtküste von Afrika, meiſtens ſüdlich von Zanzibar geraubt,

77 1803 1265 39 nach Arabien gebracht und dort im Innern des Landes als Sklaven verkauft. Die

73 1849 1267 38 Engländer, die einzigen Herren im indiſchen Ocean, machen mit ihren ſtets kreuzenden

78 1893 1259 38 Kriegsſchiffen Jagd auf dieſe Barbaren, und Wehe dem Araber, den ein Engländer

80 1938 1251 38 mit geraubten Kindern auf offener See ertappt! So haben ſie vor zwei Jahren ganz

75 1983 1261 38 nahe bei Aden ein und im Auguſt 1869 bei der Inſel Sokotra zwei Schiffe weg⸗

69 2030 1260 37 genommen. Die Ausſage aller Keinder, die ich geſprochen, ſtimmt darin überein, daß

69 2075 1269 33 die Mahomedaner beim Raub dieſer armen Geſchöpfe ganz kannibaliſch zu Werke

71 2119 1263 36 gingen. Die Kinder vom erſtern Schiff wurden von drei arabiſchen Krämern, die

75 2165 1267 32 ihnen Angeln, Glasperlen und andere Kleinigkeiten ſchenkten, von ihrem Dorf weg⸗

69 2209 1268 34 gelockt, und ſobald ſie den Schurken bis an’s Meer hinunter gefolgt waren, geknebelt

76 2255 1258 35 und in's Schiff geſchleppt. Andere wurden auf offenem Felde, wieder andere aus
