<?xml version="1.0" encoding="UTF-8"?>
<alto xmlns:xsi="http://www.w3.org/2001/XMLSchema-instance"
      xmlns="http://www.loc.gov/standards/alto/ns-v4#"
      xmlns:page="http://schema.primaresearch.org/PAGE/gts/pagecontent/2013-07-15"
      xsi:schemaLocation="http://www.loc.gov/standards/alto/ns-v4# https://www.loc.gov/standards/alto/v4/alto.xsd">
   <Description>
      <MeasurementUnit>pixel</MeasurementUnit>
      <OCRProcessing ID="IdOcr">
         <ocrProcessingStep>
            <processingDateTime>2021-07-15T07:40:10.136+02:00</processingDateTime>
            <processingSoftware>
               <softwareCreator>READ COOP</softwareCreator>
               <softwareName>Transkribus</softwareName>
            </processingSoftware>
         </ocrProcessingStep>
      </OCRProcessing>
   </Description>
   <Layout>
      <Page ID="Page1" PHYSICAL_IMG_NR="1" HEIGHT="2339" WIDTH="1419">
         <TopMargin HEIGHT="0" WIDTH="1419" VPOS="0" HPOS="0"/>
         <LeftMargin HEIGHT="2339" WIDTH="0" VPOS="0" HPOS="0"/>
         <RightMargin HEIGHT="2339" WIDTH="0" VPOS="0" HPOS="1419"/>
         <BottomMargin HEIGHT="0" WIDTH="1419" VPOS="2339" HPOS="0"/>
         <PrintSpace HEIGHT="2339" WIDTH="1419" VPOS="0" HPOS="0">
            <TextBlock ID="r1" HEIGHT="2253" WIDTH="1283" VPOS="11" HPOS="48">
               <Shape>
                  <Polygon POINTS="48,11 48,2264 1331,2264 1331,11"/>
               </Shape>
               <TextLine ID="r1l1"
                         BASELINE="654,37 687,41 720,41"
                         HEIGHT="43"
                         WIDTH="66"
                         VPOS="11"
                         HPOS="654">
                  <String ID="string_r1l1"
                          HEIGHT="43"
                          WIDTH="66"
                          VPOS="11"
                          HPOS="654"
                          CONTENT="477"/>
               </TextLine>
               <TextLine ID="r1l2"
                         BASELINE="63,130 125,130 188,131 251,131 313,132 376,132 439,132 501,133 564,133 627,133 690,133 752,133 815,133 878,133 940,133 1003,133 1066,133 1128,132 1191,132 1254,132 1317,131"
                         HEIGHT="36"
                         WIDTH="1254"
                         VPOS="108"
                         HPOS="63">
                  <String ID="string_r1l2"
                          HEIGHT="36"
                          WIDTH="1254"
                          VPOS="108"
                          HPOS="63"
                          CONTENT="ihnen den Brudermord Kains an dem gebotenen Bilde klar zu machen. Als ich nun"/>
               </TextLine>
               <TextLine ID="r1l3"
                         BASELINE="54,177 116,177 179,177 241,177 304,177 367,177 429,177 492,177 554,177 617,177 680,177 742,177 805,177 867,177 930,177 993,177 1055,177 1118,177 1180,177 1243,177 1306,177"
                         HEIGHT="31"
                         WIDTH="1252"
                         VPOS="156"
                         HPOS="54">
                  <String ID="string_r1l3"
                          HEIGHT="31"
                          WIDTH="1252"
                          VPOS="156"
                          HPOS="54"
                          CONTENT="glaubte, die Sache ſei vollſtändig begriffen, frug ich den Intelligenteſten: „Sage mir,"/>
               </TextLine>
               <TextLine ID="r1l4"
                         BASELINE="58,220 120,220 183,221 246,221 308,221 371,221 434,222 496,222 559,222 622,222 685,222 747,222 810,222 873,222 935,221 998,221 1061,221 1123,221 1186,220 1249,220 1312,220"
                         HEIGHT="33"
                         WIDTH="1254"
                         VPOS="199"
                         HPOS="58">
                  <String ID="string_r1l4"
                          HEIGHT="33"
                          WIDTH="1254"
                          VPOS="199"
                          HPOS="58"
                          CONTENT="Kambirri, warum hat der große Bruder ſeinen kleinen Bruder todtgeſchlagen?“"/>
               </TextLine>
               <TextLine ID="r1l5"
                         BASELINE="62,263 124,264 187,265 249,265 312,266 374,266 437,266 499,266 562,266 624,266 687,266 749,266 812,266 874,266 937,266 999,265 1062,265 1124,265 1187,265 1249,265 1312,265"
                         HEIGHT="34"
                         WIDTH="1250"
                         VPOS="242"
                         HPOS="62">
                  <String ID="string_r1l5"
                          HEIGHT="34"
                          WIDTH="1250"
                          VPOS="242"
                          HPOS="62"
                          CONTENT="„ikeiko,“ erwiderte er, „uska anghar baraber ne ata, iswaste gussi ota, any"/>
               </TextLine>
               <TextLine ID="r1l6"
                         BASELINE="59,309 121,309 183,309 246,310 308,310 371,310 433,310 496,311 558,311 621,311 683,311 745,310 808,310 870,310 933,310 995,310 1058,310 1120,310 1183,310 1245,309 1308,309"
                         HEIGHT="33"
                         WIDTH="1249"
                         VPOS="288"
                         HPOS="59">
                  <String ID="string_r1l6"
                          HEIGHT="33"
                          WIDTH="1249"
                          VPOS="288"
                          HPOS="59"
                          CONTENT="mörjana marra, tshota bai,“ ei warum? ſein Feuer wollte nicht recht brennen,"/>
               </TextLine>
               <TextLine ID="r1l7"
                         BASELINE="58,351 120,352 183,352 246,353 309,353 371,354 434,354 497,354 560,354 622,354 685,354 748,354 811,354 873,354 936,354 999,354 1062,354 1124,354 1187,354 1250,354 1313,354"
                         HEIGHT="34"
                         WIDTH="1255"
                         VPOS="330"
                         HPOS="58">
                  <String ID="string_r1l7"
                          HEIGHT="34"
                          WIDTH="1255"
                          VPOS="330"
                          HPOS="58"
                          CONTENT="drum iſt er ſo bös geworden, daß er den Kleinen todtgeſchlagen hat. Von Gott oder"/>
               </TextLine>
               <TextLine ID="r1l8"
                         BASELINE="61,396 123,397 186,397 248,397 311,398 374,398 436,398 499,398 562,398 624,398 687,398 750,399 812,399 875,399 938,399 1000,399 1063,399 1126,399 1188,399 1251,399 1314,399"
                         HEIGHT="34"
                         WIDTH="1253"
                         VPOS="375"
                         HPOS="61">
                  <String ID="string_r1l8"
                          HEIGHT="34"
                          WIDTH="1253"
                          VPOS="375"
                          HPOS="61"
                          CONTENT="von einem Opfer war noch nichts begriffen, wie konnte es auch anders ſein? Die"/>
               </TextLine>
               <TextLine ID="r1l9"
                         BASELINE="63,440 125,441 188,441 250,441 313,441 376,441 438,442 501,442 564,442 626,442 689,443 752,443 814,443 877,443 940,443 1002,443 1065,443 1128,443 1190,443 1253,443 1316,443"
                         HEIGHT="34"
                         WIDTH="1253"
                         VPOS="419"
                         HPOS="63">
                  <String ID="string_r1l9"
                          HEIGHT="34"
                          WIDTH="1253"
                          VPOS="419"
                          HPOS="63"
                          CONTENT="armen Kinder hatten früher nie etwas Anderes geſehen, von nichts Anderm gehört,"/>
               </TextLine>
               <TextLine ID="r1l10"
                         BASELINE="59,485 121,485 184,485 247,485 310,485 373,485 436,485 499,486 562,486 625,486 688,487 750,487 813,487 876,488 939,488 1002,488 1065,488 1128,487 1191,487 1254,486 1317,486"
                         HEIGHT="34"
                         WIDTH="1258"
                         VPOS="464"
                         HPOS="59">
                  <String ID="string_r1l10"
                          HEIGHT="34"
                          WIDTH="1258"
                          VPOS="464"
                          HPOS="59"
                          CONTENT="als vom Jagen, Fiſchfangen, Eſſen und Schlafen. Selbſt die älteſten, von 14—15"/>
               </TextLine>
               <TextLine ID="r1l11"
                         BASELINE="59,529 122,529 185,529 248,529 311,529 374,530 437,530 500,530 563,530 626,531 689,531 752,531 815,532 878,532 941,532 1004,532 1067,532 1130,532 1193,532 1256,532 1320,532"
                         HEIGHT="34"
                         WIDTH="1261"
                         VPOS="508"
                         HPOS="59">
                  <String ID="string_r1l11"
                          HEIGHT="34"
                          WIDTH="1261"
                          VPOS="508"
                          HPOS="59"
                          CONTENT="Jahren, wußten nichts von einem Gott, nicht einmal ob ihre Eltern in Afrika z. B."/>
               </TextLine>
               <TextLine ID="r1l12"
                         BASELINE="63,575 105,574 147,573 189,573 231,573 274,573 316,573 358,573 400,574 442,574 485,574 527,575 569,575 611,575 653,576 696,576 738,576 780,576 822,576 864,576 907,576"
                         HEIGHT="34"
                         WIDTH="844"
                         VPOS="552"
                         HPOS="63">
                  <String ID="string_r1l12"
                          HEIGHT="34"
                          WIDTH="844"
                          VPOS="552"
                          HPOS="63"
                          CONTENT="das Feuer, die Sonne oder ein Götzenbild verehrt haben.“"/>
               </TextLine>
               <TextLine ID="r1l13"
                         BASELINE="146,644 204,644 263,644 321,645 380,645 438,645 497,646 555,646 614,647 672,647 731,648 789,648 848,648 906,649 965,649 1023,649 1082,649 1140,649 1199,648 1257,648 1316,647"
                         HEIGHT="44"
                         WIDTH="1170"
                         VPOS="618"
                         HPOS="146">
                  <String ID="string_r1l13"
                          HEIGHT="44"
                          WIDTH="1170"
                          VPOS="618"
                          HPOS="146"
                          CONTENT="So weit P. Frank. Doch wir haben den ſchwarzen Kindern vielleicht"/>
               </TextLine>
               <TextLine ID="r1l14"
                         BASELINE="59,705 121,704 184,704 247,704 310,703 373,703 436,703 498,703 561,704 624,704 687,704 750,704 813,705 876,705 938,705 1001,705 1064,706 1127,706 1190,705 1253,705 1316,705"
                         HEIGHT="42"
                         WIDTH="1257"
                         VPOS="677"
                         HPOS="59">
                  <String ID="string_r1l14"
                          HEIGHT="42"
                          WIDTH="1257"
                          VPOS="677"
                          HPOS="59"
                          CONTENT="zu viel Raum gegeben. Wir wollen ſchließlich nur noch bemerken, daß"/>
               </TextLine>
               <TextLine ID="r1l15"
                         BASELINE="57,759 123,759 189,759 255,759 322,759 388,759 454,759 520,760 587,760 653,760 719,760 785,760 852,760 918,761 984,761 1050,761 1117,761 1183,761 1249,761 1316,761"
                         HEIGHT="41"
                         WIDTH="1259"
                         VPOS="733"
                         HPOS="57">
                  <String ID="string_r1l15"
                          HEIGHT="41"
                          WIDTH="1259"
                          VPOS="733"
                          HPOS="57"
                          CONTENT="auch für das zeitliche Wohl der im St. Stanislaus Waiſenhaus erzogenen"/>
               </TextLine>
               <TextLine ID="r1l16"
                         BASELINE="53,815 116,815 179,815 242,815 305,816 368,816 431,816 494,816 557,817 620,817 683,817 746,817 809,818 872,818 935,818 998,818 1061,818 1124,818 1187,818 1250,817 1313,817"
                         HEIGHT="42"
                         WIDTH="1260"
                         VPOS="789"
                         HPOS="53">
                  <String ID="string_r1l16"
                          HEIGHT="42"
                          WIDTH="1260"
                          VPOS="789"
                          HPOS="53"
                          CONTENT="Kinder, Neger ſowohl als Indier, auf das Beſte geſorgt wird. Die"/>
               </TextLine>
               <TextLine ID="r1l17"
                         BASELINE="58,871 121,871 184,872 247,872 311,872 374,873 437,873 501,874 564,874 627,874 691,875 754,875 817,875 880,875 944,875 1007,875 1070,875 1134,875 1197,875 1260,874 1324,874"
                         HEIGHT="43"
                         WIDTH="1266"
                         VPOS="845"
                         HPOS="58">
                  <String ID="string_r1l17"
                          HEIGHT="43"
                          WIDTH="1266"
                          VPOS="845"
                          HPOS="58"
                          CONTENT="einen lernen nach dem 12. Jahr ein Handwerk, wofür in neuerer Zeit"/>
               </TextLine>
               <TextLine ID="r1l18"
                         BASELINE="54,927 120,927 186,928 252,928 319,929 385,929 451,929 517,930 584,930 650,930 716,931 782,931 849,931 915,931 981,931 1047,931 1114,931 1180,931 1246,931 1313,931"
                         HEIGHT="43"
                         WIDTH="1259"
                         VPOS="901"
                         HPOS="54">
                  <String ID="string_r1l18"
                          HEIGHT="43"
                          WIDTH="1259"
                          VPOS="901"
                          HPOS="54"
                          CONTENT="beſondere Werkſtätten für Schreiner, Weber, Buchbinder u. ſ. w. einge⸗"/>
               </TextLine>
               <TextLine ID="r1l19"
                         BASELINE="52,984 115,985 178,985 241,986 305,987 368,987 431,988 495,988 558,989 621,989 685,990 748,990 811,990 874,990 938,990 1001,990 1064,990 1128,990 1191,990 1254,989 1318,988"
                         HEIGHT="45"
                         WIDTH="1266"
                         VPOS="958"
                         HPOS="52">
                  <String ID="string_r1l19"
                          HEIGHT="45"
                          WIDTH="1266"
                          VPOS="958"
                          HPOS="52"
                          CONTENT="richtet ſind, die unter der direkten Aufſicht eines Paters ſtehen; die"/>
               </TextLine>
               <TextLine ID="r1l20"
                         BASELINE="54,1042 117,1042 180,1043 243,1043 306,1043 369,1044 432,1044 496,1045 559,1045 622,1046 685,1047 748,1047 811,1047 874,1048 938,1048 1001,1048 1064,1048 1127,1048 1190,1047 1253,1047 1317,1046"
                         HEIGHT="45"
                         WIDTH="1263"
                         VPOS="1016"
                         HPOS="54">
                  <String ID="string_r1l20"
                          HEIGHT="45"
                          WIDTH="1263"
                          VPOS="1016"
                          HPOS="54"
                          CONTENT="andern, die mehr Anlagen zeigen und beſonders im Engliſchen große"/>
               </TextLine>
               <TextLine ID="r1l21"
                         BASELINE="53,1100 116,1100 179,1101 242,1101 306,1101 369,1101 432,1102 496,1102 559,1103 622,1103 686,1103 749,1104 812,1104 875,1104 939,1105 1002,1105 1065,1105 1129,1105 1192,1105 1255,1105 1319,1104"
                         HEIGHT="44"
                         WIDTH="1266"
                         VPOS="1074"
                         HPOS="53">
                  <String ID="string_r1l21"
                          HEIGHT="44"
                          WIDTH="1266"
                          VPOS="1074"
                          HPOS="53"
                          CONTENT="Geläufigkeit haben, bleiben bis zum 15. Jahre in der Schule. Nach"/>
               </TextLine>
               <TextLine ID="r1l22"
                         BASELINE="54,1160 117,1160 180,1160 243,1160 306,1160 369,1160 432,1160 495,1160 558,1160 621,1160 684,1160 747,1160 810,1160 873,1160 936,1160 999,1161 1062,1161 1125,1161 1188,1161 1251,1162 1314,1162"
                         HEIGHT="41"
                         WIDTH="1260"
                         VPOS="1134"
                         HPOS="54">
                  <String ID="string_r1l22"
                          HEIGHT="41"
                          WIDTH="1260"
                          VPOS="1134"
                          HPOS="54"
                          CONTENT="dieſer Zeit ſind ſie reif für Anſtellungen an der Eiſenbahn, als Tele⸗"/>
               </TextLine>
               <TextLine ID="r1l23"
                         BASELINE="58,1218 121,1218 184,1218 247,1218 311,1217 374,1217 437,1217 501,1217 564,1217 627,1216 691,1216 754,1216 817,1216 880,1216 944,1216 1007,1216 1070,1217 1134,1217 1197,1217 1260,1218 1324,1218"
                         HEIGHT="41"
                         WIDTH="1266"
                         VPOS="1190"
                         HPOS="58">
                  <String ID="string_r1l23"
                          HEIGHT="41"
                          WIDTH="1266"
                          VPOS="1190"
                          HPOS="58"
                          CONTENT="graphiſten, Kaſſierer u. ſ. w. Der Direktor der Central⸗India⸗Eiſenbahn"/>
               </TextLine>
               <TextLine ID="r1l24"
                         BASELINE="52,1273 115,1273 178,1274 241,1274 304,1274 368,1274 431,1275 494,1274 557,1274 620,1274 684,1274 747,1274 810,1274 873,1273 936,1273 1000,1273 1063,1273 1126,1273 1189,1273 1252,1273 1316,1273"
                         HEIGHT="41"
                         WIDTH="1264"
                         VPOS="1247"
                         HPOS="52">
                  <String ID="string_r1l24"
                          HEIGHT="41"
                          WIDTH="1264"
                          VPOS="1247"
                          HPOS="52"
                          CONTENT="verlangt immer mehr Zöglinge vom Waiſenhaus, als der Superior"/>
               </TextLine>
               <TextLine ID="r1l25"
                         BASELINE="53,1328 116,1329 179,1330 242,1331 305,1332 368,1332 431,1332 495,1332 558,1332 621,1332 684,1331 747,1331 810,1330 873,1330 937,1330 1000,1329 1063,1329 1126,1329 1189,1329 1252,1329 1316,1330"
                         HEIGHT="43"
                         WIDTH="1263"
                         VPOS="1302"
                         HPOS="53">
                  <String ID="string_r1l25"
                          HEIGHT="43"
                          WIDTH="1263"
                          VPOS="1302"
                          HPOS="53"
                          CONTENT="ihm ſchicken kann, obgleich an Bewerbern für ſolche Stellen durchaus"/>
               </TextLine>
               <TextLine ID="r1l26"
                         BASELINE="54,1385 117,1386 180,1388 243,1388 306,1389 370,1389 433,1389 496,1389 559,1389 622,1388 686,1388 749,1388 812,1387 875,1387 938,1387 1002,1387 1065,1387 1128,1387 1191,1387 1254,1388 1318,1389"
                         HEIGHT="43"
                         WIDTH="1264"
                         VPOS="1359"
                         HPOS="54">
                  <String ID="string_r1l26"
                          HEIGHT="43"
                          WIDTH="1264"
                          VPOS="1359"
                          HPOS="54"
                          CONTENT="kein Mangel iſt. Man hat an der Eiſenbahn die Erfahrung gemacht,"/>
               </TextLine>
               <TextLine ID="r1l27"
                         BASELINE="63,1443 126,1443 189,1444 252,1444 316,1444 379,1444 442,1444 505,1444 569,1444 632,1444 695,1444 758,1444 822,1444 885,1444 948,1444 1011,1444 1075,1444 1138,1444 1201,1444 1264,1444 1328,1445"
                         HEIGHT="41"
                         WIDTH="1265"
                         VPOS="1417"
                         HPOS="63">
                  <String ID="string_r1l27"
                          HEIGHT="41"
                          WIDTH="1265"
                          VPOS="1417"
                          HPOS="63"
                          CONTENT="daß man ſich auf dieſe jungen Leute ſicher verlaſſen kann, und gibt"/>
               </TextLine>
               <TextLine ID="r1l28"
                         BASELINE="54,1502 120,1501 186,1501 252,1501 319,1500 385,1500 451,1500 517,1500 584,1500 650,1500 716,1501 782,1501 849,1501 915,1501 981,1502 1047,1502 1114,1502 1180,1502 1246,1502 1313,1502"
                         HEIGHT="41"
                         WIDTH="1259"
                         VPOS="1474"
                         HPOS="54">
                  <String ID="string_r1l28"
                          HEIGHT="41"
                          WIDTH="1259"
                          VPOS="1474"
                          HPOS="54"
                          CONTENT="ihnen (15jährigen Beamten) einen Gehalt von 30 Rupien (20 Thlr.)"/>
               </TextLine>
               <TextLine ID="r1l29"
                         BASELINE="54,1560 81,1560 109,1560 136,1559 164,1558 191,1558 219,1557"
                         HEIGHT="42"
                         WIDTH="165"
                         VPOS="1531"
                         HPOS="54">
                  <String ID="string_r1l29"
                          HEIGHT="42"
                          WIDTH="165"
                          VPOS="1531"
                          HPOS="54"
                          CONTENT="monatlich."/>
               </TextLine>
               <TextLine ID="r1l30"
                         BASELINE="139,1615 198,1615 257,1614 316,1613 375,1613 435,1613 494,1612 553,1612 612,1613 671,1613 731,1613 790,1613 849,1614 908,1614 967,1615 1027,1615 1086,1616 1145,1616 1204,1616 1263,1616 1323,1616"
                         HEIGHT="43"
                         WIDTH="1184"
                         VPOS="1586"
                         HPOS="139">
                  <String ID="string_r1l30"
                          HEIGHT="43"
                          WIDTH="1184"
                          VPOS="1586"
                          HPOS="139"
                          CONTENT="Diejenigen, welche Neigung für den geiſtlichen Stand, Talent und"/>
               </TextLine>
               <TextLine ID="r1l31"
                         BASELINE="58,1676 121,1674 184,1672 247,1671 311,1670 374,1669 437,1669 501,1669 564,1669 627,1669 691,1670 754,1670 817,1671 880,1671 944,1672 1007,1672 1070,1673 1134,1673 1197,1674 1260,1674 1324,1674"
                         HEIGHT="46"
                         WIDTH="1266"
                         VPOS="1643"
                         HPOS="58">
                  <String ID="string_r1l31"
                          HEIGHT="46"
                          WIDTH="1266"
                          VPOS="1643"
                          HPOS="58"
                          CONTENT="Energie genug zeigen, werden für das biſchöfliche Seminar herangebildet."/>
               </TextLine>
               <TextLine ID="r1l32"
                         BASELINE="52,1731 115,1730 178,1729 241,1728 305,1727 368,1727 431,1727 494,1727 558,1728 621,1728 684,1729 747,1730 811,1730 874,1731 937,1731 1000,1732 1064,1732 1127,1732 1190,1732 1253,1731 1317,1731"
                         HEIGHT="44"
                         WIDTH="1265"
                         VPOS="1701"
                         HPOS="52">
                  <String ID="string_r1l32"
                          HEIGHT="44"
                          WIDTH="1265"
                          VPOS="1701"
                          HPOS="52"
                          CONTENT="Letzteres zählt gegenwärtig 15 Alumnen, von denen 11 ehemals Waiſen⸗"/>
               </TextLine>
               <TextLine ID="r1l33"
                         BASELINE="52,1788 78,1788 104,1788 130,1788 156,1788 183,1787 209,1787 235,1786 261,1786 288,1785 314,1784 340,1784 366,1784 392,1783 419,1783 445,1784 471,1784 497,1785 524,1786"
                         HEIGHT="44"
                         WIDTH="472"
                         VPOS="1757"
                         HPOS="52">
                  <String ID="string_r1l33"
                          HEIGHT="44"
                          WIDTH="472"
                          VPOS="1757"
                          HPOS="52"
                          CONTENT="kinder in Bandora waren."/>
               </TextLine>
               <TextLine ID="r1l34"
                         BASELINE="138,1844 197,1843 256,1842 316,1842 375,1842 434,1842 494,1843 553,1843 612,1844 672,1844 731,1844 790,1845 850,1845 909,1845 968,1845 1028,1845 1087,1844 1146,1844 1206,1843 1265,1841 1325,1839"
                         HEIGHT="45"
                         WIDTH="1187"
                         VPOS="1813"
                         HPOS="138">
                  <String ID="string_r1l34"
                          HEIGHT="45"
                          WIDTH="1187"
                          VPOS="1813"
                          HPOS="138"
                          CONTENT="5. Töchterſchulen. Wir haben bisher nur von katholiſchen"/>
               </TextLine>
               <TextLine ID="r1l35"
                         BASELINE="54,1906 117,1904 181,1903 244,1902 308,1901 371,1901 435,1901 498,1901 562,1901 625,1901 689,1902 753,1902 816,1902 880,1903 943,1903 1007,1903 1070,1902 1134,1901 1197,1900 1261,1898 1325,1897"
                         HEIGHT="48"
                         WIDTH="1271"
                         VPOS="1871"
                         HPOS="54">
                  <String ID="string_r1l35"
                          HEIGHT="48"
                          WIDTH="1271"
                          VPOS="1871"
                          HPOS="54"
                          CONTENT="Knabenſchulen und Collegien geſprochen; für Mädchen iſt jedoch nicht"/>
               </TextLine>
               <TextLine ID="r1l36"
                         BASELINE="58,1962 121,1961 185,1960 248,1959 312,1959 375,1959 439,1959 502,1959 566,1959 629,1959 693,1959 757,1959 820,1959 884,1959 947,1959 1011,1959 1074,1959 1138,1958 1201,1957 1265,1956 1329,1955"
                         HEIGHT="46"
                         WIDTH="1271"
                         VPOS="1929"
                         HPOS="58">
                  <String ID="string_r1l36"
                          HEIGHT="46"
                          WIDTH="1271"
                          VPOS="1929"
                          HPOS="58"
                          CONTENT="weniger geſorgt worden. Die Schweſtern der Congregation von Jeſus"/>
               </TextLine>
               <TextLine ID="r1l37"
                         BASELINE="57,2019 120,2018 183,2018 247,2017 310,2017 374,2017 437,2017 500,2017 564,2016 627,2017 691,2017 754,2017 817,2017 881,2016 944,2016 1008,2016 1071,2016 1134,2015 1198,2014 1261,2014 1325,2012"
                         HEIGHT="46"
                         WIDTH="1268"
                         VPOS="1986"
                         HPOS="57">
                  <String ID="string_r1l37"
                          HEIGHT="46"
                          WIDTH="1268"
                          VPOS="1986"
                          HPOS="57"
                          CONTENT="und Maria aus Lyon leiten in Parell auf der Inſel Bombay ein"/>
               </TextLine>
               <TextLine ID="r1l38"
                         BASELINE="53,2079 116,2078 180,2077 243,2076 307,2076 371,2075 434,2075 498,2075 561,2074 625,2074 689,2074 752,2074 816,2074 879,2073 943,2073 1007,2073 1070,2073 1134,2072 1197,2072 1261,2071 1325,2071"
                         HEIGHT="47"
                         WIDTH="1272"
                         VPOS="2045"
                         HPOS="53">
                  <String ID="string_r1l38"
                          HEIGHT="47"
                          WIDTH="1272"
                          VPOS="2045"
                          HPOS="53"
                          CONTENT="großes Penſionat und in der Stadt 3 Elementarſchulen, die von circa"/>
               </TextLine>
               <TextLine ID="r1l39"
                         BASELINE="52,2134 119,2134 186,2133 253,2133 321,2133 388,2132 455,2132 523,2132 590,2132 657,2131 725,2131 792,2131 859,2131 927,2130 994,2130 1061,2130 1129,2130 1196,2129 1263,2129 1331,2128"
                         HEIGHT="45"
                         WIDTH="1279"
                         VPOS="2102"
                         HPOS="52">
                  <String ID="string_r1l39"
                          HEIGHT="45"
                          WIDTH="1279"
                          VPOS="2102"
                          HPOS="52"
                          CONTENT="250 Schülerinnen, meiſtens Töchtern der Engländer und Portugieſen, be⸗"/>
               </TextLine>
               <TextLine ID="r1l40"
                         BASELINE="48,2191 111,2192 174,2192 238,2192 301,2192 365,2192 428,2191 492,2191 555,2190 619,2190 682,2190 745,2189 809,2189 872,2188 936,2188 999,2187 1063,2187 1126,2187 1190,2187 1253,2187 1317,2187"
                         HEIGHT="44"
                         WIDTH="1269"
                         VPOS="2161"
                         HPOS="48">
                  <String ID="string_r1l40"
                          HEIGHT="44"
                          WIDTH="1269"
                          VPOS="2161"
                          HPOS="48"
                          CONTENT="ſucht werden. Der amtliche Schulinſpektor, der in Indien erſucht wird,"/>
               </TextLine>
               <TextLine ID="r1l41"
                         BASELINE="50,2249 113,2250 177,2251 241,2251 305,2251 369,2251 432,2250 496,2250 560,2249 624,2248 688,2248 751,2247 815,2246 879,2246 943,2245 1007,2245 1070,2245 1134,2245 1198,2245 1262,2246 1326,2247"
                         HEIGHT="45"
                         WIDTH="1276"
                         VPOS="2219"
                         HPOS="50">
                  <String ID="string_r1l41"
                          HEIGHT="45"
                          WIDTH="1276"
                          VPOS="2219"
                          HPOS="50"
                          CONTENT="die Schule zu beſuchen, nie aber ſich aufdrängt, hat dieſen Schweſtern"/>
               </TextLine>
            </TextBlock>
         </PrintSpace>
      </Page>
   </Layout>
</alto>
