1420 2340
708 50 40 31 22

101 140 588 33 übung an die göttliche Lehre, Ordnung

95 184 605 33 und Satzung gebunden ſei, ſo würde man

101 229 593 33 mit dem gleichen Rechte ſagen können,

107 272 593 34 daß eine unumſchränkte despotiſche Ge⸗

103 315 588 35 walt überhaupt, ſelbſt bei den Moham⸗

95 359 596 36 medanern, nicht exiſtire⁵. Denn auch

101 403 596 36 der türkiſche Sultan oder der Schah von

101 447 592 35 Perſien erkennt die Schranke des göttlichen

108 492 588 35 Rechts und die Satzungen des Korans an.

135 580 565 33 Durch die neuen Decrete erhebt der Papſt

107 623 591 35 nicht nur den Anſpruch, das ganze Ge⸗

103 668 597 35 biet der Moral zu beherrſchen: er beſtimmt

104 712 596 36 auch allein und mit unfehlbarer Lehrau⸗

102 758 601 36 torität, was zu dieſem Gebiete gehöre, was

109 805 592 32 göttliches Recht ſei, wie dasſelbe auszu⸗

105 849 588 33 legen und in Einzelfällen anzuwenden ſei.

107 895 593 31 In der Ausübung dieſer Gewalt iſt der

101 936 598 36 Papſt an keine fremde Zuſtimmung ge⸗

104 981 595 33 bunden, niemand auf Erden verantwort⸗

102 1025 593 35 lich, niemand darf ihm Einſprache thun;

100 1070 596 34 jeder, wer er auch ſei, Fürſt oder Tag⸗

112 1112 590 36 löhner, Biſchof oder Laie iſt im Gewiſſen

103 1156 601 37 verpflichtet ſich ihm unbedingt zu unter⸗

105 1201 594 35 werfen und jedes ſeiner Gebote ohne Wider⸗

107 1245 589 35 rede zu vollziehen. Wenn eine ſolche Ge⸗

105 1289 597 35 walt nicht als eine unumſchränkte und

107 1334 596 34 deſpotiſche bezeichnet werden ſoll, ſo hat

110 1380 602 32 es niemals und nirgends in der Welt eine

105 1424 601 32 unumſchränkte und deſpotiſche Gewalt ge⸗

104 1470 80 34 geben.

754 141 601 32 der Kirche, ſo widerſprechen wir uns ſelbſt,

757 183 599 34 und wenn wir dieſe Gewalt, weil ſie nicht

761 228 595 34 durch menſchliche Geſetze oder die „Wiſſen⸗

757 273 591 34 ſchaftlichkeit“ beſchränkt werden kann, eine

756 316 589 34 despotiſche nennen, ſo würden wir mit dem

755 359 595 37 gleichen Rechte die Gewalt Gottes eine des⸗

757 402 594 36 potiſche nennen. Denn auch Gottes Ge⸗

760 446 595 37 walt erkennt die Schranke des menſch⸗

758 491 591 36 lichen Geſetzes und die Satzungen der

759 538 420 35 „Wissenſchaftlichkeit“ nicht an.

788 581 568 35 Durch die neuen Decrete erhebt der Papſt

760 625 593 37 durchaus nicht den Anſpruch, das ganze Ge⸗

755 671 595 33 biet der Moral zu beherrſchen, in dem Sinne,

760 714 595 34 daß er das Gute für böſe und das Böſe für

764 759 591 35 gut erklären oder zu thun vorſchreiben

762 804 590 32 könnte, was ihm beliebt, ſondern er ent⸗

765 848 592 33 ſcheidet nur mit Unfehlbarkeit, bald allein,

760 892 598 32 bald in Gemeinſchaft mit dem Epiſkopat,

761 935 592 34 was göttliche Offenbarung, was göttliches

761 980 593 33 Recht und wie dasſelbe in Einzelfällen

763 1024 590 33 anzuwenden ſei. In der Ausübung dieſer

763 1068 592 35 genau begrenzten Gewalt iſt der Papſt,

762 1112 595 34 weil unter Gottes Beiſtand entſcheidend,

764 1156 594 34 nicht an menſchliche Zuſtimmung gebun⸗

760 1202 602 34 den, keinem Menſchen verantwortlich; jeder

755 1244 603 35 iſt im Gewiſſen verpflichtet, ſeinen Ent⸗

766 1290 596 32 ſcheidungen in Sachen des Glaubens und

764 1333 595 33 der Moral ſich unbedingt zu unterwerfen⁶.

766 1376 596 34 Wenn wir dieſe vom Heiland ſelbſt ge⸗

764 1420 601 34 ordnete und vom heiligen Geiſt auf dem

769 1466 591 33 Vaticaniſchen Concil als geoffenbart de⸗

179 1581 1182 36 ⁵ Dieſe Stelle iſt ſehr lehrreich in Bezug auf den altkatholiſchen Sprachgebrauch.

109 1626 1250 34 Im Altkatholiſchen iſt nämlich, wie wir hier ſehen, unbeſchränkt und beſchränkt identiſch.

119 1669 1246 36 („Man wird oft verſucht zu wähnen“, ſagt v. Döllinger, über gemiſchte Ehen 4. Aufl.

115 1712 1250 37 S. 45 „daß mit der Religion auch die Logik ſich geſpalten habe“; wir dürfen vielleicht

118 1756 1244 36 ſagen, daß den „Altkatholiken“ mit der katholiſchen Religion auch die Logik verloren ge⸗

105 1802 1262 35 gangen iſt). Ferner iſt im Altkatholiſchen jede nur durch die göttlichen Geſetze begrenzte

114 1844 1247 38 Gewalt eine despotiſche, während im Sprachgebrauch der andern Menſchen despotiſch

112 1888 1250 40 nur jene genannt wird, welche ſich über die göttlichen Geſetze ſowohl, als über die menſch⸗

108 1932 1251 41 lichen hinwegſetzt. Ob man aus dem unmittelbar Folgenden nicht vielleicht ſchließen

108 1975 1253 42 muß, die Altkatholiken erkännten die Satzungen des Koran als göttliches Geſetz an?

166 2018 1193 38 ⁶ Schulte (Syſtem 1856. S. 192) ſagte ſchon lange vor dem Vaticanum: „Ge⸗

116 2064 1245 41 genüber dem Papſte iſt der Einzelne ohne Ausnahme zum Gehorſam verbunden; ge⸗

113 2110 1249 37 höre er der oberſten oder niedrigſten Stufe des Klerus oder dem Stande der Laien

112 2152 1249 39 an . . . . Mag man dieß Papalſyſtem nennen oder nicht; jedenfalls iſt es das⸗

115 2199 1255 36 jenige, welches einzig und allein ſtets gegolten, die Nothwendigkeit, den Geiſt der

108 2245 560 37 Kirche und ihres Rechtes für ſich hat.“
