1420 2339
710 53 46 44 31

186 145 1180 48 So lautet das merkwürdige Actenſtück, welches mehrere der Unter⸗

105 208 1256 43 zeichner nicht geleſen, jedenfalls nicht verſtanden zu haben ſcheinen, da

109 262 915 45 ſie es wohl ſonſt nicht unterſchrieben haben würden.

883 337 397 44 Rudolf Cornely S. J.

141 593 1185 46 Die Kataſtrophe von Paris als äußerſte Folge des

572 674 312 46 Liberalismus.

191 772 1172 45 Schauder und Entſetzen durchzuckt unſeren Erdtheil. Ein weiter

109 829 1259 44 Abgrund ſittlicher Verkommenheit gähnt den ſogenannten Culturvölkern

110 885 1258 46 entgegen; aus ihm entſteigen ganze Schaaren von Heroſtraten, die im

112 942 1249 46 Augenblicke, da ſie die Waffen ſenken müſſen, an die monumentalen

105 999 1264 46 Bauten von Paris Feuer anlegen unter dem Rufe: „Weil ihr eure

101 1055 1268 46 Paläſte uns nicht gönnet, ſo ſollet auch ihr ſie nicht haben; wir be⸗

113 1114 1256 45 graben uns unter den Ruinen eures Luxus.“ Und während die Blou⸗

120 1172 1245 43 ſenmänner in verzweifeltem Kampfe hinter ihren Barrikaden die letzten

103 1228 1267 44 Augenblicke des Lebens im ſüßen Wahnſinne des Mordes ſchlürfen, eilen

107 1285 1265 43 Hunderte von Petroleuſen umher, um aus der glänzendſten Stadt der

111 1340 1248 47 Erde einen Aſchenhaufen zu machen. Nur das raſche Vordringen der

103 1397 1268 45 Truppen, Verwirrung und Ungeſchicklichkeit der Verbrecher und Ver⸗

103 1453 1267 45 brecherinnen, da und dort eine todesmuthige Hand, welche die Leitungs⸗

106 1509 1258 47 drähte im letzten Augenblicke entzweiſchneidet, bringen es fertig, daß der

105 1566 1267 49 Höllenplan nicht im ganzen Umfange ausgeführt wird. Sind ſolche

107 1625 1264 47 Thaten nur in Paris möglich? Nein! Triumphirend verkündet es das

113 1683 1259 44 Centralcomité der Internationale zu London, daß die Föderirten in

107 1739 1256 46 Europa dritthalb Millionen Mitglieder zählen, daß ſie Alle ſolidariſch

108 1795 1262 46 für die Brüder in Paris einſtehen, daß die fürchterlichen Maitage da⸗

111 1853 1252 45 ſelbſt nur erſt ein leiſes Morgenroth der kommenden Dinge ſeien. Wo

107 1910 1253 45 immer eine Regierung durch unglücklichen Krieg, Hader der Parteien,

111 1967 1253 45 Theurung oder Stockung der Geſchäfte in große Verlegenheiten gerathen

109 2022 1259 46 wird, da werden wir ebendieſelben Schauerſcenen ſich wiederholen ſehen.

103 2077 1257 49 Wir machen furchtbare Fortſchritte zur Barbarei. Die Drachenſaat der

99 2131 1225 53 liberalen Principien ſchießt in die Halme und bringt blutige Früchte.

195 2192 1171 48 Vor achtzehnhundert Jahren ſchrieb ein Ultramontaner, die Chriſten

103 2243 1269 54 nennen ihn St. Paulus, an die Galater (VI, 8): „Wer auf das
