1419 2339
641 37 56 35 57

55 132 1250 33 gaben in Hindoſtan einer viermal größern Zahl von Anhängern als alle proteſtanti⸗

57 176 1236 34 ſchen Denominationen zuſammen. In Wirklichkeit iſt der Unterſchied noch viel bedeu⸗

49 221 1256 32 tender. Der Verfaſſer zählt 730,000 Römiſche Katholiken in Vorderindien. Nach der

49 266 1250 32 Ausgabe des Madras Directory von 1870 ſind es, mit Ausſchluß der unter Goani⸗

57 309 1238 33 ſcher Jurisdiction ſtehenden, nicht weniger als 924,733. Dazu kommen aber nach

51 353 1249 33 Beilegung des Goaniſchen Schisma’s 130,394, die der hl. Stuhl durch Anerkennung

53 397 1246 34 des Status quo unter der Jurisdiction des Erzbiſchofs von Goa gelaſſen hat, obwohl

59 443 1240 31 ſie in den engliſchen Beſitzungen innerhalb der Apoſtoliſchen Vicariate zerſtreut leben;

49 487 1261 32 und endlich 300,000 Katholiken in der portugieſiſchen Colonie. Demnach wären in

50 531 1260 32 Indien 1,355,127 Katholiken. Proteſtanten zählt aber Hr. Grundemann nur 187,000.

60 576 1244 32 Und auch dieſe Summe hat er nicht durch Zuſammenrechnen ſpecieller Angaben, ſon⸗

53 620 1254 31 dern bloß durch eine Wahrſcheinlichkeitsrechnung en bloe herausgebracht. Hier wird

58 663 1252 33 gleichfalls eine Berichtigung angezeigt ſein. „Die ganze Zahl der in irgend einem

61 708 1243 31 Sinne zum Chriſtenthum Bekehrten“, ſchreibt der proteſtantiſche Miſſionär Ward,

59 750 1251 35 „beträgt nicht ein Zehntel der in den Miſſionsberichten genannten.“ ¹ Wie dem aber

51 795 1252 34 auch ſei, jedenfalls zählt die katholiſche Kirche weit mehr Anhänger, als alle ihr

54 838 1252 37 gegenüberſtehenden Miſſionsvereine, und dem entſprechend hätte der Atlas ihr wohl

58 884 1248 32 etwas mehr einräumen können, als der geringſten dieſer Geſellſchaften. Um gleich

55 928 1253 33 unſern Wunſch zu präciſiren: es will uns bedünken, die katholiſche Miſſion könne gar

62 973 1236 33 nicht gehörig in einem Atlas dargeſtellt werden, ohne daß ihre ebenſo großartige als

57 1018 1250 33 feſte Organiſation nach Bisthümern und Apoſtoliſchen Vicariaten in anſchaulicher

63 1063 1055 32 Weiſe, etwa durch farbige Grenzen, auf der Karte zum Ausdruck kämen.

121 1106 1186 34 Wir gehen nun zu dem den Karten beigegebenen Texte über. Hier hat der Ver⸗

60 1151 1252 33 faſſer einſeitigen proteſtantiſchen Miſſionsberichten und wohl auch ſeiner eigenen Her⸗

59 1195 1253 34 zensneigung zu viel vertraut. Darum bringt er, gewiß gegen ſeinen Willen, manches

53 1238 1257 35 Irrthümliche vor. Daß er den Jeſuiten vorwirft, „durch Einmiſchung in die Colo⸗

63 1284 1245 34 nial⸗Regierung u. ſ. w.“ das Miſſionsweſen auf den Philippinen geſchädigt zu haben,

57 1327 1251 34 daß er die Portugieſen beſchuldigt, durch Anwendung der Inquiſition und Gewalt⸗

60 1370 1248 36 maßregeln dem Chriſtenthum im Indiſchen Archipel „unauslöſchliche Schandmale auf⸗

55 1414 1259 36 gebrannt“ und dadurch dem Islam Vorſchub geleiſtet zu haben, darf man wohl einem

57 1459 1258 36 Prediger zu gut halten. Jeſuiten und Inquiſition ſind nun einmal Schreckbilder

63 1503 1250 35 für Alle, welche die Geſchichte katholiſcher Völker und Inſtitutionen nicht genugſam

59 1548 1254 35 kennen. Sogar ein hervorragender Gelehrter, wie Ritter, ſpricht in ſeiner „Erdkunde

57 1592 1256 36 von Aſien“² über die „ſchaudervolle Inquiſition“ als Urſache des Verfalles der portu⸗

64 1638 1246 35 gieſiſchen Macht, über „die Streiche der Schlauheit und Gewalt“, welche die „teuf⸗

61 1681 1254 36 liſche Inquiſition“ gegen die „evangeliſch geſinnten Thomaschriſten verübte, wogegen

57 1725 1254 36 er „das Verdienſt“ der Holländer „um die Sorge des chriſtlichen Gottesdienſtes“ in

62 1769 1254 35 Indien und die Beendigung der portugieſiſchen Verfolgungen hoch erhebt. Ritter's

65 1815 1251 34 claſſiſches Werk gab in dieſem Punkte den Ton an für andere deutſche Schriftſteller,

63 1858 1252 35 weßhalb wir ihn hier zugleich berückſichtigen wollen. Wir ſagen alſo: auf die Unge⸗

57 1901 1254 37 heuerlichkeiten, welche über die portugieſiſche Inquiſition feilgeboten werden, läßt ſich

65 1946 1260 36 wohl keine beſſere Antwort finden, als diejenige iſt, welche der Erzbiſchof von Goa

61 1991 1260 36 dem „würdigen“ Gewährsmanne Ritters³, Buchanan, gegeben hat. Dieſer Miſſionär

129 2112 1196 35 ¹ India and the Hindoos p. 337. Bei Marſhall, die chriſtl. Miſſionen I, 579.

133 2148 483 45 ² Bb. IV, 1, S. 601 ff. 639 ff.

136 2189 1185 48 ³ Ritter folgt ſeinem Gewährsmann ſo blindlings, daß er ſogar deſſen „Ent⸗

65 2239 1246 44 deckung“ der „ſeit ein paar Jahrhunderten für Europäer gänzlich in Vergeſſenheit ge⸗
