1420 2339
666 22 78 47 219

72 125 1268 41 den Jeſuiten geleiteten höhern Schulen, nach den erbärmlichen Zeiten

86 182 1254 43 des letzten ſpanischen Regimentes, nach einem grauſamen Bürgerkriege,

73 240 1261 40 nach einem halben Jahrhundert von Anarchie und politiſchen Schwan⸗

69 296 1264 43 kungen, bei der Corruption des Klerus und der liberalen Knebelung

75 353 640 42 der Kirche das Volk gekommen war.

159 409 887 44 Ecuador's¹ Bevölkerung betrug im Jahre 1856:

286 467 666 44 Weiße . . . . . . . . 601,209

284 520 352 47 Chriſtliche Indianer . . . . . . 462,400

290 580 133 41 Neger . . . . . . . . . 7,800

284 638 660 42 Miſchlinge von Negern mit Weißen

392 694 273 44 und Indianern 36,600

288 754 614 41 Wilde Indianer in der Oſtprovinz . 200,000

969 828 174 45 1,308,000

160 889 1176 43 Die Weißen, Abkömmlinge der Europäer, (Creolen) wohnen mei⸗

80 948 1260 42 ſtens in den Städten, und die dort befindlichen Indianer haben ſich

81 1004 1259 43 theilweiſe ſo mit ihnen vermiſcht, daß die an den indianiſchen Urſprung

75 1062 1272 42 erinnernden Kennzeichen zurückgetreten und manche Meſtizen kaum noch

80 1119 1266 42 von den Creolen zu unterſcheiden ſind. Der Einfluß des tropiſchen

82 1176 1261 43 Klima’s auf die Europäer iſt groß und zeigt ſich nicht nur an der

81 1233 1264 44 heißen Küſte, ſondern auch auf dem Hochlande, und nach dem bereits

79 1287 1266 46 Geſagten hat im letzten Jahrhundert weder Religion noch Bildung und

91 1346 1255 44 feſte ſtaatliche Ordnung dieſen Einfluß paralyſirt. Beobachtet man dieſes

83 1400 1256 46 Creolen⸗Geſchlecht in dem von der Natur ſo überaus bevorzugten Lande,

83 1461 1258 42 in der Mitte der es umgebenden üppigen Fülle, ſo wird man unwill⸗

76 1517 1272 44 kürlich an den im Ueberfluß verkommenen und verwöhnten Sohn eines

87 1576 1258 42 fürſtlichen reichen Hauſes erinnert. Durch die angedeuteten Urſachen wird

85 1635 1264 42 es erklärlich, was die freilich meiſt übertriebenen Reiſeberichte über den

87 1693 1262 42 Mangel an Ehrgefühl und Aufrichtigkeit im Volkscharakter, über die

79 1752 1268 40 herrſchende Liederlichkeit und Unmäßigkeit, über den tiefen Stand der

83 1804 1264 46 Wiſſenſchaft und des Gewerbfleißes, über religiöſe Gleichgültigkeit, über

86 1862 1268 47 das Schlaraffenleben der Reichen und die Trägheit der Armen zu er⸗

84 1919 1264 46 zählen wiſſen. Am corrupteſten ist es freilich dort beſtellt, wohin die

81 1976 1260 48 Europäer zumeiſt kommen, in Guayaquil, zugleich der Heerd der Un⸗

158 2078 1189 38 ¹ Nach dem Gothaiſchen Taſchenbuche von 1871 haben die zu Ecuador gehörigen

81 2123 1267 39 Galapagos⸗Inſeln einen Flächeninhalt von 138,8 geogr. □Meilen. Hiernach wäre

83 2168 1265 39 die ältere, mir von Quito zugeſandte Angabe über dieſe Inſeln, welche im erſten Ar⸗

88 2214 1265 37 tikel, „Ecuador“ S. 124 enthalten iſt, zu berichtigen. Der Flächeninhalt des ganzen

84 2255 770 42 Staates iſt nach derſelben Quelle 10,300 □Meilen.
