1420 2339
331 162 773 41 Die zwei vorausgehenden Serien

700 243 36 40 der

239 335 955 51 Stimmen aus Maria⸗Laach.

148 509 1201 44 In der Unterzeichneten iſt erſchienen und durch alle Buchhandlungen zu beziehen:

85 614 1263 44 Encyclica, die, Papſt Pius’ IX. vom 8. Dezember 1864.

164 678 1189 45 Stimmen aus Maria-Laach. 12 Hefte. gr. 8⁰. (1945 S.) Voll⸗

171 732 1018 42 ſtändig Thlr. 6. 16 ſgr. — fl. 10. 55 kr. — fr. 24. 50.

78 814 1276 36 I. Heft: Eine Vorfrage über die Verpflichtung. Von Fl. Rieß. Zweite

156 855 893 32 Auflage. (119 S.) 12 ſgr. — 40 kr. — fr. 1. 50.

75 919 1274 37 II. Heft: Die Grundirrthümer unſerer Zeit. Von P. Roh. Dritte Auf⸗

165 960 739 33 lage. (68 S.) 6 ſgr. — 20 kr. — 75 cts.

75 1015 1278 46 III. Heft: Irrthümer über die Ehe. Von G. Schneemann. Zweite

167 1064 878 36 Auflage. (124 S.) 12 ſgr. — 40 tr. — fr. I. 50.

75 1120 1280 47 IV. Heft: Der Papſt und der Kirchenſtaat. Von D. Rattinger. Zweite

163 1168 805 37 Auflage. (179 S.) 16 ſgr. — 54 kr. — fr. 2.

83 1233 1264 36 V. Heft: Die moderne Irrlehre oder der Liberalismus und ſeine Ver-

152 1276 1195 35 zweigungen im Lichte der Offenbarung. Von Fl. Rieß. Zweite

161 1313 891 36 Auflage. (1O7 S.) 12 ſgr. — 40 tr. — fr. 1. 50.

79 1377 1274 39 VI. Heft: Die Freiheit und Unabhängigkeit der Kirche. Von G. Schnee⸗

157 1419 1143 37 mann. Erſte und zweite Auflage. (118 S.) 12 ſgr. — 40 kr. —

162 1455 147 35 fr. 1. 50.

79 1520 1268 44 VII. Heft: Die Kirchliche Gewalt und ihre Träger. Von G. Schnee⸗

157 1564 869 36 mann. (112 S.) 12 ſgr. — 40 kr. — fr. 1. 50.

77 1626 1282 42 VIII. Heft: Der Papſt, das Oberhaupt der Geſammtkirche. Von G. Schnee⸗

163 1670 868 37 mann. (152 S.) 14 ſgr. — 45 kr. — fr. 1. 70.

69 1719 1283 53 IX. Heft: Die Grundſätze der Sittlichkeit und des Rechts. Nach Maßgabe

164 1774 1191 37 der im Syllabus §. VII. verzeichneten Irrthümer beleuchtet. Von

157 1814 1079 36 Th. Meyer. (282 S.) 28 ſgr. — fl. 1. 36 kr. — fr. 3. 60.

81 1877 1273 43 X. Heft: Die kirchliche Lehrgewalt. Von G. Schneemann. (228 S.)

157 1919 555 35 24 ſgr. — fl. 1. 20 kr. — fr. 3.

79 1967 1275 57 XI. Heft: Der moderne Staat und die chriſtliche Schule. Von Fl. Rieß.

164 2021 754 40 (216 6.) 24 ſgr. — fl. 1. 20 tr. — fr. 3.

81 2084 1272 46 XII. Heft: Staat und Kirche. Von FI. Rieß. (240 S.) 24 ſgr. — fl. 1.

156 2125 273 38 20 kr. — fr. 3.

393 2193 645 43 Jedes Heft wird auch einzeln abgegeben.
