1420 2340
678 26 83 40 541

87 115 1259 45 und anmaßenden Angriffe des Staates auf die Lehrfreiheit unſerer heiligen

88 162 1248 46 Kirche in überzeugendſter Weiſe zurückgewieſen. Mit apoſtoliſchem Freimuthe

88 210 1252 46 und deutſcher Offenheit haben Euer Excellenz das Gebiet bezeichnet, auf

90 258 1252 45 welchem Chriſtus der Herr den Apoſteln und ihren rechtmäßigen Nachfolgern,

94 306 1190 44 nicht aber einem von gegneriſchen Einflüſſen beherrſchten Cultusminiſter —

89 355 799 42 die Gewalt verliehen hat zu lehren und zu leiten.

160 402 1183 45 Wenn es den gehorſamſt unterzeichneten Mitgliedern des Vereins katho⸗

91 449 1249 45 liſcher Edelleute auch ferne liegt, über die oberhirtlichen Handlungen Euer

95 497 1249 44 Excellenz ſich ein maßgebendes Urtheil beizulegen, ſo empfinden wir doch als

94 546 1246 43 aufrichtige Katholiken eine hohe Freude und danken Gott dem Herrn, daß er

91 594 1249 43 in dieſen Zeiten uns Oberhirten geſetzt hat, welche ſo entſchieden und muthig

91 641 1245 44 in den Kampf für die Rechte und Freiheiten Seiner Kirche und des gläubigen

84 689 272 37 Volkes eintreten.“

170 738 1170 43 In München hielten die Katholiken eine glänzende Verſammlung, zu der

88 785 1254 44 ſich über 2000 Perſonen einfanden, um gegen das Verdrängen der Kloſter⸗

96 835 1240 41 ſchulen zu proteſtiren. Die erſte der einhellig angenommenen Reſolutionen

88 880 216 37 war folgende:

172 929 1170 43 „Der Magiſtrat der Haupt⸗ und Reſidenzſtadt München hat gegen die

86 976 1248 46 römiſch⸗katholiſche Kirche eine ſolche Stellung genommen, daß er in Allem,

80 1025 1260 44 was auf katholiſche Religion und Schule Bezug hat, kein Vertrauen von

83 1074 979 42 Seiten der katholiſchen Einwohnerſchaft Münchens verdient.“

163 1123 1170 42 Die Katholiken angreifen heißt der katholiſchen Kirche Triumphe bereiten:

81 1172 1257 42 das werden ihre verſchworenen Feinde allmählich inne. Je heftiger ſie wüthen,

88 1221 1250 38 deſto glorreicher erhebt die Kirche ihr Haupt. Seitdem der Papſt ſeiner eige⸗

91 1269 1244 37 nen Reſidenz beraubt wurde, ſeitdem den Biſchöfen die Erfüllung ihrer ober⸗

82 1316 1254 38 hirtlichen Pflichten erſchwert wird, ſeitdem die Staatsgefährlichkeit der katho⸗

85 1363 1246 41 liſchen Kirche von einer gewiſſen Partei als Fundamentalſatz ihres Program⸗

80 1412 1249 41 mes adoptirt iſt, geht ein mächtiger Pulsſchlag durch alle katholiſchen Herzen,

83 1460 1254 39 und wer überhaupt noch ein ehrlicher Katholik iſt, tritt in's Glied, um mit⸗

79 1506 1131 40 zukämpfen wider den Liberalismus und die Macht der Freimaurerei ¹.

156 1570 515 42 M.⸗Laach, den 4. December 1871.

956 1616 303 42 A. Schmitz S. J.

150 1707 22 41 ¹

448 1716 456 35 „Jedem Volke ward ein Grund

441 1758 542 40 Zum Bau des Reiches Gottes kund“,

85 1813 1249 39 ſo ſang einſt Mar v. Schenkendorf, ein frommer und ein echter Dichter. Er wurde

84 1857 1254 40 mit dieſen Worten aber auch ein Richter Derer, welche ſich heute für die aus⸗

102 1902 1231 41 ſchließlichen Baumeiſter des deutſchen Reiches erklären. Von einem Reiche

82 1947 1255 40 Gottes iſt bei ihnen keine Rede, ſie bauen den „Tempel der Humanität“, auf deſſen

92 1991 1241 41 Schwelle Nathan der Weiſe ſitzt. Klingt nicht in der That, was ſie reden von der

95 2035 1239 40 wahren Größe des deutſchen Reiches, ohne dabei Gottes und ſeiner Kirche zu gedenken,

86 2080 1250 43 ſtolz wie die Rede der Männer von Babel? Es wird auch ſo wirre klingen, wie die

89 2126 1246 40 Zungen dieſer Männer, nachdem Gott ihre Sprache verwirrt hatte.“ (Schleſ. Volksztg.

80 2177 137 33 Nr. 282.)
