1420 2339
709 43 36 32 IV

1291 112 64 55 Seite

100 163 1144 35 Dr. J. Feßler, das Vaticaniſche Concilium deſſen äußere Bedeutung und

206 184 1142 51 innerer Verlauf. (G. Schneemann, S. J.) . . . . . 261

104 233 1129 36 R. Baumſtark Don Francisco de Quevedo. Ein ſpaniſches Lebensbild aus

211 253 1143 51 dem 17. Jahrhundert. (Pachtler, S. J.) . . . . .  345

99 305 1133 33 Dr. H. Contzen, die ſociale Frage, ihre Geſchichte und ihre Bedeutung in der

213 323 1140 51 Gegenwart. (Th. Meyer, S. J.) . . . . . . . 424

95 375 1134 36 F. J. Holzwarth, der Abfall der Niederlande. Bd. I. und II. 1. Abth.

211 394 1148 52 (Fr. X. Kurte, S. J.) . . . . . . . . . 428

99 447 1127 33 Dr. P. Hinſchius, die Stellung der deutſchen Staatsregierungen gegenüber

208 465 1151 53 den Beſchlüſſen des Vaticaniſchen Concils. (L. v. Hammerſtein, S. J.) 522

333 544 789 34 Rundschau zur kirchlichen Lage. (A. Schmitz, S. J.)

95 590 1132 37 Juli: Rom: Zuſtände. Deutſchland: Die kirchenfeindliche Preſſe. Bayern:

214 627 1017 34 Die antifirchliche Strömung. Baden: Mildere Verhältniſſe. Öſterreich:

206 663 1027 34 Die Petition der Biſchöfe; das Princip der Nicht⸗Intervention.

220 697 1014 35 Spanien: Agitation der Liberalen gegen die Kirche. Vereinigte Staaten

212 730 1018 38 Nordamerikas: 16. Generalverſammlung des kathol. Central⸗Vereins;

212 765 1155 39 Entchriſtlichung der Jugend . . . . . . . 86—91

106 804 1125 34 Auguſt: Preußen: Dr. Wollmann; Dr. Hanne; Aufhebung der katholiſchen

207 839 1023 35 Abtheilung im Cultusminiſterium. Bayern: Die Janus⸗Gläubigen;

214 874 1022 35 Proteſt Münchener Theologen; Rectorwahl der Univerſität München;

203 911 1031 34 die Meringer Sache. Schweiz: Knechtung der katholiſchen Kirche.

209 947 1023 32 Frankreich: Petitionen der Biſchöfe wegen Unabhängigkeit des römiſchen

212 982 1020 33 Stuhles. Öſterreich: Petition des Volksvereins in Bozen; Rectorwahl

210 1016 1026 34 der Wiener Univerſität; aus dem Abgeordnetenhaus; die katholiſche

214 1050 1023 36 Partei; „die Unita Italia“; Kundgebungen zu Gunſten des heiligen

208 1078 1153 42 Vaters . . . . . . . . . . . 151— 162

108 1121 1126 35 September: Die Neuproteſtanten. Militär⸗Kirchenordnung. Religiöſer

214 1158 1018 33 Charakter der Schulen. Das Placetum in Bayern. Katholiſche Be⸗

209 1195 1020 32 wegung in Öſterreich. Sieg der Proteſtanten im Aargau. Nachrichten

214 1228 1141 35 aus Rom . . . . . . . . . .  263 — 271

99 1264 1126 34 October: Katholiſche Verſammlungen. Congreß der Neuproteſtanten. Wei⸗

229 1297 1130 36 tere Schritte der Biſchöfe . . . . . .  347 — 352

106 1333 1127 36 November: Die Interpellation Herz und deren Beantwortung. Verfahren

212 1370 1026 34 deutſcher Magiſtrate in kirchlichen Angelegenheiten. Katholiſche De⸗

219 1404 1013 36 monſtrationen. Katholiſche Antwort auf den Darmſtädter Prote⸗

228 1439 1128 35 ſtantentag . . . . . . . . . 437 — 447

99 1477 1139 35 December: Die Adreſſe der Biſchöfe Preußens und die Adreſſe des elſäſſi⸗

215 1514 1028 33 ſchen Geſammt-Klerus. Das neue Strafgeſetz wider die Geiſtlichen.

211 1548 1031 34 Ruſſiſche Bekehrungsverſuche. Die Miſſion Franchi’s. Die katholiſche

215 1583 1142 36 Bewegung in Deutſchland . . . . . . . 533–541

662 1650 156 32 Miscellen.

179 1693 1187 36 Die päpſtlichen Zuaven S. 92. Fürſorge für katholiſche deutſche Auswanderer in

108 1729 1255 37 Nordamerika S. 93. Die deutſchen Katholiken in Braſilien S. 94. Berufung von

115 1763 1238 35 Profeſſoren nach Ecuador S. 94. Einladung zur 21. Generalverſammlung der ka⸗

112 1800 1251 34 tholiſchen Vereine Deutſchlands S. 172. Aus Rom: Drohungen. Zwei Todesfälle S. 172.

108 1834 1248 35 Proteſtkatholiſche Stilproben S. 173. „Wo ſoll das hinaus?“ von Cramer S. 272.

111 1870 1251 35 Döllinger und das Quemadmodum etiam S. 272. Eine wunderbare Gebetserhörung

107 1906 1255 37 am Jubelfeſte Pius' IX. S. 353. Chronologiſches Curioſum S. 354. Verhältniſſe

116 1942 1245 36 der Katholiken in Melbourne S. 354. Katholicismus in Südamerika S. 355.

112 1978 1243 34 Literariſches: Die Verfaſſung der Kirche, von Grundkötter S. 355. Todtenzettel eines

107 2013 1254 32 Proteſtkatholiken S. 355. Wiesbadener Komödie vom 31. October, S. 447. Zur

109 2046 1245 36 Beachtung für den Proteſtantenverein S. 449. Die „Alte und Neue Welt“ S. 450.

112 2083 1249 34 Die Schulfrage in Irland S. 451. Die Internationale S. 452. „Zur liberalen Bil⸗

105 2119 1262 34 dung S. 542.  „Eine Miniſterantwort im Lichte der Wahrheit“ S. 545. Trau

111 2153 1250 37 ſchau, wem? S. 545. „Unſere liebe Frau von Lourdes“ S. 546. Der Brand von

106 2188 1260 38 Chicago und die Internationale S. 547. Dr. Weber und der Gehorſam der Jeſuiten

112 2224 104 33 S. 548.
