1258 2153
626 79 86 40 130

141 178 1052 44 11. Drittes Geſicht: Die heil. Maͤrtyrer und Buͤßer. 12.

141 225 1052 44 Viertes Geſicht: Die heil. Anachoreten, Moͤnche und As⸗

133 273 1058 44 keten. 13. Fuͤnftes Geſicht: Die heil. Jungfrauen. 14. Sechs⸗

137 321 1015 45 tes Geſicht: Alle Heiligen, Gerechten und Erwaͤhlten —

141 369 1053 46 Hallelujah. 15. Siebentes Geſicht: Die Königin aller Heiligen.

341 465 649 47 II. Verehrung der Heiligen.

211 528 995 46 16. Nachklang unſrer Andacht fuͤr den Glauben und die Hoffnung

187 577 1006 44 — Nachklang fuͤr die Liebe, ihre Betrachtung uͤber die Schoͤnheit und

137 625 1054 44 Liebenswuͤrdigkeit der Heiligen — was ſie am meiſten gegen ſie entzuͤndet.

137 674 1064 43 17. Ihre Sehnſucht zieht unſre Herzen zu ihren Fuͤßen — warum dieſe

142 721 1057 46 Ehrfurcht. 18. Rechtfertigung dieſer Ehrfurcht — von Johannes und

146 769 1045 44 Kornelius — die Kinder Jakob’s, die Prophetenkinder — Abigail —

143 816 1058 46 ein treffliches Lehrſtuͤck aus der Schrift fuͤr die Verehrung der Heiligen

137 865 1061 46 in ihrer Geſchichte. 19. Theoſophiſche Beleuchtung dieſer Verehrung,

141 915 1054 42 Maria, Magdalena, Petrus, Johannes, Joſeph und Nikodemus ehren

141 965 1018 40 die Glieder Chriſti — die Blutfluͤßige auch den Saum ſeines Kleids —

141 1016 1055 38 Ordnung der Glieder unter und zu dem Haupte — ſie ſind Werkzeuge

146 1063 1048 38 desſelben; ihr Amt als ſolche. 20. Theologiſche Beleuchtung der Vereh⸗

141 1113 1060 35 rung der Heiligen; Ableitung ihrer Gebuͤhrlichkeit aus den zwei hoͤchſten

142 1156 1057 40 Geboten — warum dieſe Gebote ſich gleich ſind — Grund der guten

143 1201 1004 41 Selbſtliebe — warum wir den Naͤchſten lieben ſollen wie uns ſelbſt —

144 1247 1054 45 Verklaͤrungsſtufen der Ebenbildlichkeit mit Gott — ihnen entſprechen die

145 1296 1055 46 Stufen ſeines Wohlgefallens — mit dieſen muß unſre Liebe ſich mehren,

141 1344 1056 44 und ehrfuͤrchtiger werden — Schriftzeugniſſe fuͤr jene Stufen — Anwen⸗

143 1395 1059 42 dung auf die Verehrung der Heiligen. 21. Warum dieſe Verehrung

137 1443 1058 40 keine bloß buͤrgerliche, ſondern eine religioͤſe iſt — warum ſie auch aͤußer⸗

137 1491 1065 39 lich ſeyn ſoll — wem es zuſtehe die Formen dieſer Aeußerlichkeit zu

138 1539 998 37 regeln und zu urtheilen — Aufzaͤhlung der gewoͤhnlichſten Formen —

142 1586 1055 38 Benennung von Tempeln und Altaͤren, Gedaͤchtnißfeſte, Dankopfer (nicht

136 1632 1059 39 an ſondern) fuͤr ſie, Bildniſſe, Kniebeugung, Kerzen, Hymnen, Pane⸗

142 1680 1053 43 gyrien ꝛc. — warum ſich ſolche Formen gebuͤhren — alle Verehrung der

137 1728 1059 42 Heiligen ſelbſt iſt eigentlich nur Form unſerer Huldigung gegen Gott.

135 1774 476 39 22. Schluß des erſten Vortrags.
