1258 2153
551 144 138 34 XLVI

81 245 1060 36 Batlle de Valls oder Mozos de la Escuadra; 3) allen bei

92 286 1049 38 den Mauten Angeſtellten; 4) allen zum Franciscaner⸗, Kapu⸗

85 327 1056 38 ziner⸗ und Karmelitenorden gehoͤrigen Perſonen fuͤr ewige Zeiten,

87 369 1053 37 ohne daß ſeine Erben dieß Privilegium ſollen widerrufen koͤnnen;

94 409 1053 40 5) den Mitgliedern des Ciſterzienſerordens in Aragonien, Na⸗

94 451 1045 37 varra, Catalonien und Valencia; 6) allen Spitalpfruͤndnern;

101 492 1042 36 7) allen Einwohnern von Esco in Aragonien fuͤr ewige Zeiten;

95 531 1040 37 8) allen Einwohnern von Lumbier, Deſa und Liedena in Navarra

99 572 1047 37 für jetzt. — Allen Armen ſtehen die Baͤder und Mineral⸗

95 613 1044 39 quellen dieſer Anſtalt vom 8. Juni bis Ende Septembers offen,

98 653 1045 41 ſie brauchen nur ein Zeugniß eines Arztes und ihres Pfarrers mit⸗

91 694 1055 42 zubringen. Sie finden hier Wohnung, Bett und Waͤſche, Klei⸗

96 737 1045 37 dung, den Tiſch, wie der Arzt ihn vorſchreibt, und alle Pflege;

96 775 1048 39 wozu der Eigenthuͤmer Perſonen maͤnnlichen und weiblichen Ge⸗

97 817 1050 38 ſchlechts unterhaͤlt. Es enthaͤlt dieſes Aktenſtuͤck Stoff vielfacher

96 858 1052 38 Belehrung, welche denkende Leſer ohne unſere Nachweiſung finden

94 904 122 31 werden.“

183 936 967 39 Speyer. Das hieſige Domkapitel iſt nun wieder voll⸗

98 977 1046 43 zaͤhlig hergeſtellt. Der bisherige Kapitelsſenior und Regens des

98 1018 1046 42 biſchoͤflichen Clerikalſeminars, Joſeph Sales Miltenberger iſt von

100 1060 1046 41 Sr. paͤbſtlichen Heiligkeit zum Probſt ernannt worden. Von den

97 1101 1048 40 zwei erledigten Kanonikaten haben Se. koͤnigliche Majeſtaͤt das Eine

97 1141 1052 42 dem Dekan und Schulinſpektor Friedrich Thinnes, bisherigen

97 1180 1048 45 Pfarrer von Blieskaſtel und Abgeordneten der Geiſtlichkeit des

95 1220 1054 45 Rheinkreiſes bei der Staͤndeverſammlung, das Andere dem bis⸗

101 1261 1048 43 herigen Stadtpfarrer von Zweibruͤcken, Johann Groh, der nun

103 1303 1036 39 auch die Regensſtelle im biſchoͤflichen Ckerikalſeminar bekleidet,

104 1348 323 42 zu verleihen geruhet.

184 1382 969 42 Duͤrkheim an der Haardt. Mit der gluͤcklichen Vol⸗

106 1425 1039 44 lendung des Baues der hieſigen katholiſchen Pfarrkirche zum heil.

106 1465 1045 45 Ludwig, vereinigt ſich auch das innige Gefuͤhl des geruͤhrteſten

101 1505 1050 46 Dankes, allen genannten und ungenannten edlen Wohlthaͤtern

101 1546 1055 45 aus der Naͤhe und Ferne des Inn⸗ und Auslandes eine allge⸗

105 1587 1040 43 meine Ueberſicht fuͤr ihre geſpendeten Gaben der chriſtlichen Liebe

106 1633 505 39 und Mildthaͤtigkeit mitzutheilen.

186 1668 965 40 Groß und bedeutend ſind die Summen, welche die edlen,

107 1708 1048 43 für Gott und Religion ergriffenen Seelen ſpendend mir reichten

103 1749 1050 43 zum Baue des Herrn; die des Apoſtels Lehre so treulich befolgten:

105 1789 1042 45 „Gebe jeder gerne nicht mit Unwillen oder Zwang; denn einen

109 1829 1042 45 „froͤhlichen Geber hat Gott lieb;“ uͤberaus groß aber iſt auch der

111 1869 1043 46 Dank in den Herzen derjenigen, die nun in ihrer neuen Pfarr⸗

101 1910 1051 45 kirche heilſame Lehren, Troſt unter den widrigen Schickſalen ihres

106 1948 1048 48 Lebens, Ruhe der Seele und frohe Hoffnung des ewigen Lebens

109 1989 1044 48 genießen; — noch groͤßer der Lohn vor dem Geber alles Guten

105 2031 1047 46 dem Vater der Lichter, „denn die durch dieſe Unterſtuͤtzung erwie⸗

108 2073 1049 47 „ ſene Dienſtleiſtung, hilft nicht bloß den Beduͤrfniſſen der Hei⸗
