1258 2154
635 85 84 43 196

641 252 86 46 VIII.

328 321 697 51 Das Feſt der Epiphanie

644 377 54 34 und

137 423 1058 57 die Akademie in der Propaganda.

224 497 977 52 Das Feſt der Epiphanie, der Erſcheinung des Herrn

141 554 1059 51 iſt das Hauptfeſt der Kirche der Propaganda als Pri⸗

142 609 1064 51 vat⸗ oder Collegialkirche, und mit Recht haben es dazu

143 663 1052 51 die Stifter der Anſtalt eingeſetzt. Die Weiſen des Mor⸗

147 717 1054 52 genlandes führte ihr glücklicher Stern nach der armen

142 771 1061 54 Hütte in Bethlehem, auf daß ſie den Gottmenſchen, den

148 825 1049 53 neugebornen Heiland anbeteten in den Armen der Gott⸗

142 882 1051 54 geſegneten, die von der unbegreiflichen Liebe der Gottheit zu

139 936 1054 54 den Menſchen ſchon vor der Zeiten Anfang dazu beſtimmt

137 993 1060 51 war, den Erlöſer des ganzen gefallenen Geſchlechtes

143 1050 1052 50 Adam’s zu gebähren. Die heil. Schrift meldet uns nur

135 1105 1062 50 noch die Rückkehr der glücklichen Könige; aber es iſt ge⸗

137 1160 1064 48 wiß, daß ſie in ihrem Vaterlande die erſten Apoſtel der

143 1212 1050 52 Ankunft des Herrn wurden. Wenn alſo die Propaganda

141 1263 1052 53 als Miſſionsanſtalt, die nach dem ganzen Sinne der Sen⸗

142 1318 1046 57 dung des Heilandes in alle Welt ihre Jünger ſchickt,

141 1376 1045 52 allen Völkern und allen Kreaturen das Evan⸗

140 1435 1057 49 gelium zu verkünden, ᴵ) das Feſt der Epiphanie

139 1489 1058 49 als das Hauptfeſt ihrer Kirche feiert, ſo hat ſie immer

137 1543 1056 50 den einen hohen Zweck vor Augen, der die ganze Ten⸗

141 1597 1052 49 denz ihres kräftigen raſtloſen Wirkens umfaßt. Daher

142 1650 1051 53 erinnert auch Alles daran, was die Kirche an äußerem

137 1702 1048 57 Schmucke beſitzt, und das große ſchöne Bild des Haupt⸗

138 1758 1047 56 altares kann ſchon darauf gleichfalls allein zurückführen.

133 1816 1060 53 Es gewinnt auch die Feier dieſes Feſtes ſelbſt in der

135 1870 1052 51 Propaganda etwas Großartiges und Auszeichnendes;

144 1925 1049 52 und wie der Herr bei Malachias durch den Mund des

179 1994 609 55 ᴵ) Matth. XXVIII. 19.; Marc. XVI. 15.
