1259 2153
557 110 152 35 XLVII

107 198 1051 57 „ ligen ab, ſondern bringt auch reiche Frucht durch den Dank

107 239 1050 58 „ vieler gegen Gott, welche wegen dieſer erprobten Mildthaͤtigkeit

117 279 1042 57 „ Gott preiſen fuͤr den Gehorſam gegen das Evangelium Jeſu

113 321 1046 58 „ Chriſti, das ihr bekennet und fuͤr die gutthaͤtige Mittheilung

115 362 1036 59 „ gegen ſie und alle und durch ihr Gebet fuͤr euch, da ſie euch

115 405 1047 56 „ wegen der reichlichen Wohlthat, die Gott ihnen durch euch wer⸗

113 453 844 48 „ den ließ, herzlich lieben.“ (II. Cor. IX. 12. 1.)

197 484 964 58 Ich ſchließe mit der herzlichen Bitte. Moͤge des Herrn

111 527 1044 54 Auge walten uͤber ſeinem heiligen Hauſe, Sein Segen ſichtbar

112 567 1045 55 werden in erhoͤhter Tugend und Froͤmmigkeit der katholiſchen Ge⸗

113 605 1046 58 meinde: ſichtbar in erneuertem Eifer des kirchlich⸗religioͤſen Sin⸗

109 645 1056 59 nes, auf daß in Erfuͤllung gehe, was der heil. Paulus an die

117 686 1046 57 Hebraͤer am 10. ſo dringend anempfiehlt: „Laſſet uns im Be⸗

109 727 1056 59 „kenntniß unſerer Hoffnung unbeweglich verharren; laſſet uns

113 769 1058 57 „nicht wie es einige zu ihun pflegen, unſre Verſammlungen ver⸗

109 817 896 50 „laſſen, ſondern uns untereinander troͤſten und erbauen.

198 855 965 50 Geſchrieben zu Duͤrkheim im Rheinkreiſe Bayerns in der

106 905 689 43 Octave der Erſcheinung des Herrn, 1830.

748 943 187 39 Zimmer,

601 973 494 44 Pfarrer der katholiſchen Gemeinde.

113 1019 1052 52 Augemeine Ueberſicht der milden Beiträge, die zum Behufe des katholiſchen

346 1054 589 42 Kirchenbaues in Dürkheim eingegangen ſind.

1018 1117 106 32 Betrag.

378 1141 433 39 Behoͤrde. Koͤnigreich Bayern.

159 1235 780 49 1. Durch ſeine Majeſtaͤt den Koͤnig von Bayern

234 1272 704 45 nach ertheilter allergnaͤdigſten Genehmigung einer

238 1310 702 42 allgemeinen Kollekte die milde Schenkung von

244 1341 804 43 zwanzig Bauſtaͤmmen, veranſchlagt zu 230

151 1370 975 56 2. Koͤnigliche Polizeidirection in Muͤnchen. 283 1

173 1406 955 52 3. Landgericht Techernſee. 36 12

162 1440 964 56 4. „ Weilheim. 142 31

161 1473 968 57 5. „ Werdenfels. 40 35

153 1507 973 57 6. „ Koͤtzling. 18 41

161 1539 964 58 7. „ Misbach. 93 22

178 1579 968 57 8. „ Landshut. 84 29 ¾

168 1609 988 56 9. „ Regen. 47 11 ¼

143 1649 977 53 10. Magiſtrat Straubing. 37 55

139 1685 1005 54 11. „ Landshut. 63 21 ¼

143 1722 1004 52 12. Landgericht Berchtolsgaden. 20 19 ¼

146 1756 977 60 13. „ Toͤlz. 89 50

142 1790 983 58 14. „ Landau. 81 57

149 1826 1006 51 15. „ Eggenfelder. 128 11 ¼

135 1860 993 50 16. Magiſtrat Paſſau. 39 18

149 1896 1000 50 17. Landgericht Troßberg. 63 6 ¾

150 1917 977 70 18. „ Straubing. 77 28

146 1966 984 54 19. „ Vilshofen. 102 6

143 1998 985 55 20. „ Grafenau. 40 10

129 2035 1039 57 21. „ Schongau. 77 46 ¼
