1258 2153
646 96 56 30 IV

166 192 1031 36 nichts als einem halben Dutzend im nicht eingeſegneten Ehebett

161 234 1027 34 erzielter, kleinen Pfanneflicker, Korbflechter u. ſ. w. beſtehend)

159 274 1034 33 zur gefaͤlligen Atzung nach Rom zuruͤckzuſenden, wo man gegen

159 314 1034 35 ein kleines Stuͤck Geld einen Wiſch erhalten kann, daß man

157 353 190 40 getraut ſey.“ —

244 393 950 35 Ueber das Schulweſen in Baden ſagt derſelbe Hesperus

160 435 1036 33 folgendes: „Unter den Landſchullehrern findet man mitunter die

158 475 1036 33 roheſten Menſchen, dieſe kann jedoch nur die Zeit wegſchaffen.

164 515 1030 34 Hat man Anſtalten zur Bildung tuͤchtiger Lehrer, giebt man

161 556 1030 33 ihnen auch zu eſſen, (aber nicht fuͤr 13 Thaler jaͤhrlich, wie in

159 596 1041 33 Sachſen!) ſo werden ſich auch fuͤr das Schulfach beſſere Sub⸗

161 636 1031 34 jecte finden, die nicht genoͤthiget ſind, im Sommer das liebe

160 676 1033 34 Vieh zu weiden, nachdem ſie im Winter der lieben Jugend den

160 714 1038 35 Katechismus eingepruͤgelt haben. In Karlsruhe wird dermalen

164 753 1033 36 ein neues Schullehrer⸗Seminarium gebaut. Die Schulſaͤle wer⸗

162 794 1032 35 den aber zu enge und kaſernenartig; 20 Betten in einem Raume,

166 833 1026 36 faſt nur Bett an Bett, iſt mindeſtens ungeſund, abgeſehen von

164 875 1032 34 allem Andern; zumal ſind die Saͤle aͤußerſt niedrig. Auch baut

157 917 1040 32 man eine neue Toͤchterſchule in Karlsruhe; leider iſt ſie ſchon

163 958 1032 34 ausgebaut — ein Meiſterſtuͤck architektoniſcher Geſchmackloſigkeit

164 1000 568 34 (wie die dortige katholiſche Kirche).“

259 1058 838 34 Noch ein Proͤbchen von der Redlichkeit des Hesperus.

239 1111 959 33 Ein Bewohner des Hesperus, uͤber deſſen Gewaͤſſern

166 1152 1027 34 ſeit langer Zeit kein Geiſteshauch weht, der vielmehr in Gefahr

165 1192 1032 33 iſt zum voͤlligen Cloak zu werden, hatte den Weg zu einer alten

159 1230 1036 35 Pfuͤtze genommen, um (N° 99 — 1829) den 6000 Kinderkoͤpfen

164 1270 1032 33 aus dem Fiſchteiche Gregors I. nachzuſpuͤren. Da regte ſich das

166 1309 1030 35 Kroͤten⸗ und Unken⸗Geſchlecht und nun taucht (N° 265) ein

162 1350 1036 36 Bufo gynæus aus der ſtinkenden Lache auf, und weiß das

165 1393 1029 35 Geſchichtchen haarklein, und iſt auch um die Gewaͤhrleiſtung nicht

157 1437 130 33 verlegen. —

243 1474 950 33 Hauptſaͤchlich koͤmmt es auf die Aechtheit und das Alter

161 1515 1032 32 einer Epiſtel des heil. Ulrich Biſchof von Augsburg an Pabſt

157 1555 1036 32 Nikolaus I. an. Der Inhalt des Briefes heißt es, iſt eine

165 1594 1024 34 ſehr ernſthafte und wehmuͤthige Klage gegen den Coͤlibat und

159 1635 1040 33 ſein Verderben.“ Nun werden die Gruͤnde fuͤr die Aechtheit

157 1675 1024 32 dieſes Briefes und als Gewaͤhrsmaͤnner die Centuriatores Magde-

159 1715 1028 33 burgici, die Orthodoxographia (Orthodoxologia) ss. pa-

165 1757 1027 33 trum, Aeneas Sylvius angefuͤhrt und dann der Schluß gezogen:

163 1797 1034 36 „Aus dieſen Gruͤnden konnte ſelbſt der feindſelige Erzjeſuite Vas⸗

164 1838 1034 36 quez (disp. 267 Cap. 4) nicht umhin, die Epiſtel anzuerkennen;

162 1878 964 38 eben ſo Mabillon (Sec. s. Bened. p. 419) und Velſerus.“

238 1919 952 33 Was der ſpaniſche Jeſuit ſagt, konnen wir nicht nachſchlagen,

157 1959 1030 32 weil deſſen Werke uns eben nicht zur Hand ſind. Daß aber

161 2001 1034 33 Mabillon und Velſer das Gegentheil ſchreiben von dem,
