1270 2153
540 81 63 44 33

54 155 1029 77 halten. Laßt euern Blick in die Gräber dringen, ſchaut

54 207 1032 78 auf die Kaiſer, Könige, Staatsmänner und Vornehme

48 259 1030 81 der früheren Zeit und ſaget, wer war der Herr und wer

48 316 1025 81 der Sclave? Wer war der Reiche und wer der Arme?

42 374 1037 80 Unterſcheidet, wenn ihr könnt, den Gefangenen von dem

34 432 791 75 Könige, den Starken von dem Schwachen.

125 494 957 69 Unſer Leben iſt gleich der Spur der Wolke in der

45 546 1040 70 Luft, gleich dem Nebel, den die Sonne zerſtreut, gleich

42 595 1034 73 dem vorüberfliehenden Schatten, gleich der Blume die

46 648 1029 77 ſchnell welkt, gleich dem dürren Blatte, das der Wind fort⸗

38 701 1033 82 weht, gleich dem Hauche der alsbald vergeht. Der heil.

41 757 1032 79 Chryſoſtomus nennt es einen ſchweren Schlaf mit trüge⸗

35 814 1044 77 riſchen, quälenden Träumen erfüllt, dann wieder ein

33 870 1043 73 Schauſpiel; aber in unſeren Tagen iſt es eher ein Trauerſpiel

37 923 1030 70 voll vorübergehender Gaukeleien und verhüllter Lei⸗

35 978 1030 68 denſchaften. Der heil. Gregorius von Nazianz nennt es

34 1029 1034 73 das Spiel eines Kindes, welches Häuſer von Sand an

36 1082 1035 77 das Ufer baut, welche die wiederkehrende Welle wegſpühlt.

31 1138 1028 77 Pindar ſagt, es iſt nur der Schatten eines Schattens.

36 1195 1031 77 Es vergeht wie der Wind, es eilt wie ein Schiff auf der

27 1250 1034 77 See, das keine Spur zurückläßt, wie ein Vogel in der

27 1304 1030 75 Luft, von deſſen Fluge kein Merkmal bleibt. Was wir

30 1359 1031 74 auch immer thun, ſagt der heil. Baſilius, wir mögen

34 1415 1027 72 ſtehen ſitzen, ſchlafen oder wachen, unſer Schiff ſegelt

32 1467 1038 79 immer unſerer letzten Heimath zu. Wir ſterben jeden Tag

32 1524 1027 76 und verlieren ſtündlich einen Theil unſeres Lebens; ja

30 1579 1031 75 ſelbſt während wir zunehmen, nehmen wir ab. Wir haben

30 1632 1023 75 unſere Kindheit und unſere Jugend verloren und in je⸗

30 1686 1029 75 dem Augenblick ſtiehlt der Tod im Geheimen Etwas von

32 1741 1018 75 uns weg. Dieß drückt der heil. Gregorius richtig aus,

26 1793 1033 73 indem er ſagt: Unſer Leben iſt ein Durchgehen durch's

28 1849 1032 71 Leben, es nimmt mit ſeinem Wachsthume ab, und ver⸗

20 1903 1036 73 liert, wo es zu gewinnen ſcheint. Keine Waffe wider⸗

26 1961 1020 71 ſteht, keine Drohung gewinnt, keine Bitte erlangt etwas

54 2021 401 62 Katholik. Jhrg. X. Hft. I.

854 2044 34 39 3
