1255 2154
557 69 59 42 1

548 245 77 40 I.

231 312 687 49 Robert Southwell's

167 350 863 71 Troſtſchreiben

325 421 520 46 an die unter Eliſabeth eingekerkerten

262 473 620 51 Katholiken in England. ᴵ)

141 544 951 56 Es iſt in der Kirche Gottes immer ein lobenswürdiger

47 594 1013 59 Gebrauch geweſen, daß, in den Zeiten der Verfolgung,

55 648 1038 60 die Betrübten und Bedrängten ſich einander, nicht allein

55 704 1034 60 durch immerwaͤhrendes Gebet und gute Werke, ſondern

85 778 1004 59 ᴵ) Nachſtehendes Schreiben von dem jungen Jeſuiten Southwell iſt ein

110 828 973 56 Meiſterſtuͤck in ſeiner Art und ganz wuͤrdig eines heil. Ignatius

121 879 959 50 oder Polycarpus. Lange Zeit iſt es in England unbekannt geblieben,

113 927 966 47 bis es endlich vor kurzem W. Joſ. Walter in ſeiner Ausgabe der

107 973 976 45 poetiſchen und proſaiſchen Werke des Glaubenshelden, der fuͤr die

114 1017 957 50 Religion des Erlöſers ſein Blut vergoſſen, allgemein verbreitet

114 1063 969 52 hat. Dieſer Brief ſteht in dem proſaiſchen Theile, der den Titel

107 1109 974 52 fuͤhrt: The Prose Works of Robert Southwell containing Mary

113 1156 966 56 Magdalen's Funeral tears, Triumphs over death, and an Epistle

111 1206 965 54 of comfort. Edited by W. Jos. Walter. Das Schreiben ſelbſt

109 1255 963 53 fuͤhrt die Aufſchrift: An Epistle of comfort to the reverend Priests

107 1302 971 53 and to the honourable, worshipful, and others of the Lay sort

101 1349 974 54 restrained in durance for the catholie faith; zu Deutſch: „Ein

109 1399 958 52 Troſtſchreiben au die ehrwuͤrdigen Prieſter und an die Ehrenwerthen,

107 1448 970 50 Achtungswuͤrdigen und andern Perſonen des Laienſtandes, die wegen

107 1496 964 51 des katholiſchen Glaubens verhaftet sind.“  — Spaͤter werden wir

107 1542 966 52 noch Mehreres aus den Werken dieſes apoſtoliſchen Mannes mit⸗

107 1590 966 51 theilen; hier ſtehe indeſſen des gelehrten Dr. Milner's Urtheil uͤber

104 1635 305 40 Southwell’s Schriften.

111 1722 962 56 Briefe Dr. Milners an den Herausgeber der poeti⸗

37 1771 810 62 ſchen und proſaiſchen Werke R. Southwell's.

235 1846 268 43 Mein Herr!

95 1882 968 61 Ich habe Ihnen anzuzeigen, daß ich die Abſchrift der proſaiſchen

26 1930 1030 59 Werke von Southwell, die ſie vor ihrer Herausgabe mir zu ſchicken die

32 1977 1028 60 Guͤte hatten, empfangen habe. Bisher konnte ich dieſelbe nur fluͤchtig

57 2039 392 45 Katholik. Jhrg. X Hft. I.

864 2049 20 38 1
