1258 2153
548 93 62 32 IX

60 180 1033 42 mit der Bekanntmachung und kirchlichen Einführung dieſer Feſttage be⸗

70 214 1021 43 auftragt. Unſers Koͤnigs Majeſtaͤt haben durch die Allerhoͤchſte Kabiners⸗

70 251 1015 41 Ordre vom 24. Maͤrz d. J. die Verkündigung und Ausführung dieſer

70 284 1019 44 Feſtordnung Allergnaͤdigſt genehmigt und dieſelbe in Allerhoͤchſtihren landes⸗

69 328 390 35 herrlichen Schutz genommen.

140 361 951 43 Dieſemnach verkuͤndigen Wir hiermit und ſetzen feſt im Namen und

70 398 1018 42 im Auftrage des heil. Apoſtoliſchen Stuhles, daß außer den Sonnta⸗

70 433 1023 44 gen des Jahres in Unſerer Erzdioͤzeſe Koͤln folgende Feſte gefeiert werden:

107 477 990 40 1) der Montag nach dem Feſte der Auferſtehung des

149 519 116 33 Herrn;

98 548 673 38 2) der Montag nach dem Pfingſtfeſte;

104 582 917 39 3) das Feſt der Geburt unſers Hern Jeſus Chriſtus;

101 619 703 35 4) das Feſt der Beſchneidung des Herrn;

109 653 531 36 5) das Feſt der hh. drei Koͤnige;

105 689 629 34 6) das Feſt der Himmelfahrt Chriſti;

112 724 473 33 7) das Frohnleichnamsfeſt:

102 759 592 33 8) das Feſt der Reinigung Mariaͤ;

105 793 465 35 9) Mariaͤ Verkündigung;

92 826 460 34 10) Mariaͤ Himmelfahrt;

94 860 334 38 11) Mariaͤ Geburt;

93 895 439 40 12) Mariaͤ Empfaͤngniß;

90 924 1010 42 13) das Feſt der hh. Apoſtel Petrus und Paulus, ſammt der Ge⸗

150 960 421 36 daͤchtnißfeier aller hh. Apoſtel;

95 995 442 41 14) das Feſt Allerheiligen;

95 1021 1012 47 15) das Feſt des h. Erzmaͤrtyrers Stephanus ſammt der Ge⸗

151 1061 466 38 daͤchtnißfeier aller hh. Maͤrtyrer;

93 1090 1012 48 16) das Feſt des vornehmſten h. Kirchen⸗Patrones. Dieſes Feſt

167 1125 930 41 jedoch wird nicht an dem eigentlichen Tage, an welchem es einfaͤllt,

165 1161 938 42 ſondern an dem zunaͤchſt darauf folgenden Sonntage ſo gehalten,

159 1197 942 41 als fiele es an dieſem Sonntage ein, und daß derſelbe hinfort das

162 1237 373 37 eigentliche Patrons⸗Feſt iſt.

83 1268 1029 46 17) Die Mittwoche nach dem dritten Sonntage nach Oſtern, Ju⸗

162 1301 943 41 bilate genannt, als Bitt⸗Tag, um vom Himmel den Segen

167 1333 942 42 für die Feldfrüchte zu erflehen. Für dieſen Feſttag ordnen Wir ein

163 1366 948 41 dreizehnſtündiges Gebet an, und ſoll dieſe Feier an die Stelle der

167 1398 946 44 bisher in Unſerer Erzdiözeſe an verſchiedenen Tagen üblichen Hagel⸗

165 1432 938 45 seier treten. Nach Maßgabe des §. 7 und 8 de precibus quadra-

167 1468 944 43 ginta horarum in der Agenda Coloniensis vom Jahre 1720 (S.

162 1503 945 42 417) ſoll vor dem Hochamte die Litanie von allen Heiligen nebſt

167 1540 940 39 den beigeſetzten Verſikeln und Reſponſorien gebetet oder geſungen,

167 1574 940 40 und mit den Gebeten:  „Deus qui nobis sub sacramento“ und

173 1609 696 42 „Clementiam Tuam“ (S. 357) geſchlossen werden.

150 1652 964 41 Wegen der Feldarbeiten zur Zeit der Erndte in den Monaten Auguſt

90 1686 1028 43 und September haben Se. Päbſtliche Heiligkeit aus vaͤterlicher Milde die

80 1721 1032 43 beiden Feſte Mariaͤ Himmelfahrt und Mariaͤ Geburt auf den

85 1756 1022 41 Sonntag in der Octav verlegt, und werden dieſelben mit einer Erinnerung

85 1789 1026 42 an den Sonntag im Officium und in der Meſſe ſo begangen, als waͤren

90 1831 335 39 ſie nicht verlegt worden.

159 1855 948 41 Damit das Feſt des heil. Laurentius, wo dieſer Kirchen⸗Patron

85 1889 1026 45 iſt, nicht auf den Sonntag einfalle, an welchem Mariaͤ Himmelfahrt

93 1924 1022 45 gefeiert werden ſoll: ſo wird daſſelbe, wo es Patrons⸗Fest iſt, immer

89 1959 1030 44 am vorhergehenden Sonntage, naͤmlich am Sonntage vor dem zehnten

89 2005 208 35 Auguſt gefeiert.
