1258 2153
652 119 78 44 XX

160 204 1043 69 Bote, iſt kein Staat wie ein Anderer, es herrſcht darin kein

161 258 1048 69 Koͤnig und kein Kaiſer, ſondern ein Pabſt und zwar gibt's nur

162 313 1047 66 Einen auf der Welt. Der Pabſt iſt das Oberhaupt der katho⸗

161 367 1044 65 liſchen Kirche; es gab ſehr ſchlechte und ſehr fromme Paͤbſte

161 421 1049 63 (der Bote muß eine beſondere Freude an den Schlechten ha⸗

157 475 1060 61 ben, da er ſie oben anſetzt), von dem jetzigen wird allerlei ge⸗

165 528 1038 65 ſprochen. Die Cardinaͤle nennen ſich Prinzen (eigentlich Fuͤrſten)

162 580 1049 68 der Kirche und tragen ſehr reiche Kleider, die Apoſtel aber

164 635 1050 66 trugen deren ganz einfache.“ Haben etwa die Apoſtel auch den

162 689 1047 65 Welperſchen hinkenden Boten geleſen? Wenn dem nicht ſo iſt,

165 741 1055 65 ſo waͤre derſelbe entbehrlich. Der Bote ſcheint uͤbrigens den

174 794 1043 62 Cardinaͤlen zumuthen zu wollrn, daß ſie einen einfachen Bra⸗

165 848 1050 61 tenrock tragen ſollten, oder einfach lederne Beinkleider mit

167 900 1056 67 weißem Schurze, wie ſeine baͤueriſchen Leſer im Koͤcherſperge;

178 952 1047 72 de gustibus non est disputandum. Von den Cardinaͤlen

177 1005 1050 73 kommt noch einmal die Reihe an die Oeſterreicher, auf die der

174 1060 1057 71 Hinker gar ſchlecht zu ſprechen iſt: man ſollte faſt meinen, er

173 1114 1048 71 haͤtte unlaͤngſt in den Jahren 1814 und 15 ſich etwas revolu⸗

178 1171 1052 65 tionaͤr vernehmen laſſen, und Haſelnuͤſſe knacken muͤſſen.

179 1225 1048 61 „Die Oſterreicher, ſagt Welper’s ungerathener Sohn, haben

173 1277 1058 63 kraͤftige Magen, Mutterwitz, wenig Aufklaͤrung. Kaiſer Joſeph

180 1327 1049 69 kam zu fruͤh und ſtarb zu fruͤh. Der Wahlſpruch dieſes Landes

174 1383 1057 68 iſt: Es bleibt beim Olten.“ Dem Boten thuts niemand recht;

181 1437 1046 67 die Cardinaͤle werden getadelt, weil ſie nicht beim Olten bleiben,

177 1492 1056 65 und die Oeſterreicher, weil ſie beim Alten bleiben. Gott ſey dank,

177 1544 1054 67 daß Letztere gute Magen haben, wie koͤnnten ſie ſonst ſolche Al⸗

179 1599 1058 63 bernheiten des Boten vertragen? Wenn uͤbrigens jemand berechtigt

177 1653 1053 62 iſt, die Donaubewohner, weil ſie o ſtatt a ſagen, zu foppen, ſo

184 1704 1047 64 iſt es gewiß der Welperiſche hinkende Bote zu Straßburg, wo

185 1755 1050 67 bekanntlich die reine germaniſche Mundart den hoͤchſten Culmi⸗

189 1808 1044 66 nationspunkt erſchwungen hat. Von Ungarn und Boͤhmen

192 1863 1042 63 kennt das Welperiſche Kalenderhaus nichts als die guten Wei⸗

185 1918 1048 62 ne, — ſelbſt von Boͤhmen!! — Die Preußen werden,

195 1969 1048 64 was mich hoͤchſt wundert, ſehr hoͤhniſch mit zwei Strichpunkten

190 2023 1038 66 abgethan, wie folgt: „Viel Sand, viel Wind, gelehrte Leute.“
