1258 2153
539 89 96 44 365

522 247 132 45 XVIII.

385 314 395 46 Literatur.

66 383 1045 44 Geſchichte der chriſtlichen Kirche von Joſeph Othmar Rit⸗

138 439 968 41 ter von Rauſcher, Weltprieſter und ordentlichem Pro⸗

133 492 977 44 feſſor der Kirchengeſchichte und des Kirchenrechts zu Salz⸗

134 546 975 44 burg. Erſter und zweiter Band. Sulzbach, in der J. E.

140 600 611 43 v. Seidel'ſchen Buchhandlung. 1829.

87 678 1018 46 Es iſt eine recht erfreuliche Erſcheinung unſerer Zeit,

64 731 1039 46 daß ſo manche gelehrte und tüchtige Männer ihre Gelehr⸗

64 787 1049 43 ſamkeit und ihren rühmlichen Fleiß der Bearbeitung der

62 844 1048 41 Geſchichte, und beſonders der chriſtlichen Kirchengeſchichte

54 899 1051 42 widmen; indem daraus die erfreuliche Überzeugung ge⸗

60 951 1045 43 wonnen wird, daß man die ſo lange mindeſtens zu wenig

63 1003 1044 47 beachtete Wichtigkeit der chriſtlichen Kirchengeſchichte, die,

57 1057 1055 49 wie ein alles mit ſich führender Strom durch die Zeiten

61 1110 1059 49 herab, die reichlichſte Ausbeute für alle theologiſchen Wiſ⸗

65 1167 1054 47 ſenſchaften darbietet, ſo wie die Nothwendigkeit ihrer Zu⸗

69 1226 1043 46 gänglichmachung, nun beſſer erkannt hat. Sehr achtungs⸗

59 1279 1056 44 und dankenswerthe Beiträge zur Belebung dieſes rühm⸗

61 1334 1055 42 lichen Strebens und zur Erleichterung des Studiums der

61 1385 1050 46 Kirchengeſchichte, lieferten uns durch ihre ſchätzbaren Werke

60 1438 1047 47 die Gelehrten: Katerkamp, Kerz, Ritter, Hortig, Döllin⸗

60 1495 1049 49 ger ꝛc., zu dieſen kömmt nun Profeſſor v. Rauſcher, wel⸗

69 1551 1038 44 cher in ihrem Kreiſe neben den vorzüglichern ſeine Stelle

69 1604 1046 47 einnimmt. Der gelehrte Verf. übergiebt ſein Werk dem

65 1660 1048 46 Publikum mit dem Vorworte, daß, trotz der ſchätzbaren

61 1715 1050 45 Beiträge im Laufe der letzten Jahre, die Kirchengeſchichte

65 1769 1048 44 in der Literatur des katholiſchen Deutſchlandes immer noch

61 1822 1052 46 ein ſparſam bebautes Feld ſey; daß ſomit ein öffentlicher

60 1879 1053 42 Lehrer dieſes Faches, wenn er ſich gedrungen fühlt, zur

60 1931 1049 46 Bearbeitung desſelben mitzuwirken, keiner Erklärung und

59 1988 1048 44 Entſchuldigung bedürfe. Was wir von der Mitwirkung
