1258 2153
421 105 351 36 Beilage

215 210 766 43 zum Katholiken.

333 319 514 38 Jahrgang 1830.

516 415 153 35 Nʳᵒ I.

542 624 110 32 Curiosa.

152 675 957 35 Hr. Johann Chriſt. Auguſt Heyſe, Rector zu Nordhauſen

69 717 1040 33 und ordentliches Mitglied der berliniſchen Geſellſchaft fuͤr deutſche

79 758 1025 33 Sprache, liefert in ſeinem Verdeutſchungs⸗Woͤrterbuche, im Art.

77 799 1026 32 Portion, folgendes Curioſum: „Portiuncula, ein kleiner

80 839 1030 32 „Theil, Theilchen; auch eine erdichtete Heilige bei den

79 879 1032 34 „Katholiken.“ Das heißt man doch wohl den Himmel fuͤr

77 917 1037 34 eine Baßgeige anſehen! Portiuncula war eine Kirche bei Aſſiſi,

74 955 855 37 nie aber eine Heilige, nicht einmal eine erdichtete. —

148 1005 963 37 Auf irgend einem Gottesacker am Rhein iſt auf dem Grab⸗

76 1046 1036 42 ſteine, den ein Mann ſeiner Frau geſetzt, folgendes Epitaphium

74 1095 132 36 zu leſen:

319 1121 427 34 Wohl auch ſtille Haͤuslichkeit

321 1156 381 36 Iſt eines Denkmals werth. —

324 1192 496 34 Ihr ſey es hier von mir geweiht,

323 1228 393 33 Und wer die Tugend ehrt.

323 1263 469 34 Auch in dem einsachen Gewand

321 1299 617 32 Mir, meinem Schmerz, iſt er verwandt.

157 1350 962 32 In dem volkthümlichen Woͤrterbuche von Heinſius,

84 1386 1029 40 unter dem Worte: trocken, wird die trockene Meſſe alſo definirt:

77 1426 1034 41 „Eine trockene Meſſe, in der roͤmiſchen Kirche, welche nur

79 1466 1040 41 „der Priester haͤlt und bei welcher das Abendmahl nicht gereicht

89 1508 1030 34 „wird“!! Die heilige Meſſe uͤberhaupt wird von Heinſius Bd.

88 1548 1033 38 III. S. 357 ſo beſchrieben: „Meſſe, in der roͤmiſchen Kirche

84 1588 1029 40 ehemals derjenige Theil des Gottesdienſtes nach geendigter Pre⸗

90 1629 1029 39 digt und Entlaſſung der Glaubenslehrlinge, welcher beſonders im

92 1669 1029 38 Genuſſe des Abendmahles beſtand, jetzt derjenige Theil des Got⸗

89 1709 1031 38 tesdienſtes, da der Prieſter zum Gedaͤchtniß des Todes Chriſti

85 1749 1032 37 das Abendmahl ſelbſt genießt!!“ — Der Meßdiener iſt Hrn.

93 1788 1028 37 Heinſius „derjenige, der bei Haltung einer Meſſe in der Kirche

97 1827 1026 39 gewiſſe Vorrichtungen thut,“ (vielleicht den Klingelbeutel um⸗

95 1865 1032 41 traͤgt?) der Beichtvater „derjenige Geiſtliche, bei welchem

96 1906 1023 42 man gewoͤhnlich beichtet,“ das Beichtkind hingegen „eine Perſon,

89 1945 1032 42 die von Zeit zu Zeit ihre Fehler und Suͤnden dem Prediger

97 1988 1025 39 beichtet;“ beichte ſitzen aber heißt bei ihm weiter nichts als
