1255 2154
174 144 760 33 Inhalt des fünf und dreißigſten Bandes.

1019 210 80 33 Seite.

66 243 958 39 I. Robert Southwell’s Troſtſchreiben an die unter Eliſabeth einge⸗

109 278 458 37 kerkerten Katholiken in England. . . . . . . . . . . 1

49 314 1043 38 II. Beleuchtung rationaliſtiſcher Behauptungen. . . . . . . 56

33 349 995 39 III. Der heil. Maͤrtyrer Clarenbach und ſeine Gedaͤchtnißſeier zu

101 386 993 35 Lüttringhauſen im Kreiſe Lennep. . . . . . . . . . . . 76

32 419 1060 41 IV. Briefe über die verfolgten katholiſchen Armenier. . . . . . 80

50 455 239 35 V. Literatur.

131 506 963 37 1. Philoſophie der Geſchichte, oder uͤber die Tradition. . . 35

121 541 895 37 2. Collectio selecta SS. Ecclesiae Patrum etc.; curantibus

175 575 912 41 D. A. B. Caillau. etc. . . . . . . . . . . . 109

128 609 889 38 3. Der Coͤlibat im Widerſpruch mit Vernunft, Natur und

174 644 911 40 Religion. . . . . . . . . . . . . . . . . . 113

125 678 898 38 4. Geſchichte der Religion Jeſu Chriſti. Von Friedrich Leo⸗

165 713 925 42 pold, Grafen zu Stolberg, fortgeſetzt von F. v. Kerz. 115

117 750 905 37 5. I. Neujahrswunſch eines Seelſorgers an ſeine Gemeinde, in

173 784 848 39 einer Predigt am 1. Jaͤnner 1829. II. Fuͤr Juͤnglinge und

169 818 853 41 Jungfrauen auf dem Lande. Eine freudige Mitgabe auf

177 855 841 39 den Weg ihres Lebens, von Fr. S. Haͤglſpercher. III.

173 890 850 40 Gemeinſchaftliche Gebete mit Segnungen zum Gebrauche

169 926 855 38 der gewoͤhnlichen Prozeſſionen ꝛc. Von G. Rieder.

175 960 839 37 IV. Lebensgeſchichte des heil. Jodekus. V. Wiborath von

171 994 850 37 Klingnau. Eine Geſchichte der Vorzeit. VI. Rede zur Feier

172 1026 852 37 der erſten heil. Communion. Gehalten von Dr. W. Smets.

171 1060 848 36 VII. Die Feier der erſten heil. Communion am Koͤnigl. Je⸗

181 1095 907 39 ſuitengymnaſium zu Koͤln am Rhein. . . . . . . . 120

126 1127 959 42 6. Auch ein Beitrag zur Vertheidigung der heil. kath. Kirche. 122

127 1165 889 40 7. Manuel Mendoza y Rios, die wahre Kirche Jeſu Chriſti.

154 1083 928 158 Von Dr. F. Hebenſtreit. . . . . . . . . . . 123

128 1237 888 40 8. Chriſtliche Legenden, oder: Lebensgeſchichte der Heiligen und

171 1274 913 39 Maͤrtyrer ꝛc. Von Aem. Janitſch. . . . . . 124

118 1309 896 38 9. 1. Katholiſches Gebetbuch, von P. Caniſius. 2. Kir⸗

171 1345 855 37 chengebetbuch zum vormittaͤgigen Gottesdienſte ꝛc. Von W.

167 1379 841 39 K. K. Deutſchmann. 3. Jeſus und die Jungfrau

178 1411 912 40 Von F. Bruckbraͤu . . . . . . . . . . . . . 125

105 1446 905 41 10. Handbuch des Volksſchulweſens im Koͤnigreiche Bayern.

172 1481 918 42 Von Dr. A. Muͤller. . . . . . . . . . . . 126

104 1517 907 41 11. Encyclopaͤdiſches Handbuch der katholiſchen Geiſtlichkeit im

166 1555 917 41 Koͤnigreiche Bayern. Von A. Müller. . . . . . 127

47 1610 972 45 VI. Drei Lehr⸗ und Erbauungsvortraͤge am Allerheiligenfeſte uͤber

117 1650 892 39 die Heiligen und ihre Verehrung, uͤber ihre Anrufung und uͤber

115 1684 965 41 ihre Reliquien. (Erſter Vortrag.) . . . . . . . . . 129

33 1706 1043 51 VII. Die Errichtung geiſtlicher Schulen im Erzbisthume Mecheln. . 180

34 1743 1050 51 VIII. Das Feſt der Epiphanie und die Akademie in der Propaganda. 196

55 1784 1025 46 IX. Beleuchtung rationaliſtiſcher Behauptungen. (Fortſetzung.). . 201

66 1820 1009 45 X. Die Aufhebung des biſchoͤflichen Gymnaſiums in Mainz. . . 215

49 1857 258 37 XI. Literatur.

94 1904 913 41 1. Philoſophie der Geſchichte, oder uͤber die Tradition. (Fort⸗

146 1941 928 40 ſetzung und Beſchluß.) . . . . . . . . . . . . . . 222

86 1975 921 40 2. Theologiſche Abhandlungen von Dr. B. A. Frei⸗

135 2013 949 41 herrn v. Reichlin⸗Meldegg. . . . . . . . 244
