1255 2154
1147 64 81 50 Seite.

235 116 912 44 3. Chriſtkatholiſches Gebetbuch fuͤr die liebe Jugend, v. B. Galura. 251

238 151 915 44 4. Grundriß der chriſtlichen Literatur von ihrem Urſprunge bis

281 186 858 44 zur Erfindung und Ausbreitung der Buchdruckerei. Von Dr

277 219 264 35 J. B. J. Buſſe. . . . . . . . . . . . . . . 252

329 253 814 46 5. I. Der bayeriſche Landſchullehrer oder theoretiſch⸗praktiſche

280 291 865 43 Unterrichtsmethode, Von J. Baader. II. Der bayeriſche

279 324 870 44 Landſchuͤler oder das Wiſſenswertheſte vom Menſchen, der

281 360 866 42 Natur und Kunſt. Von demſ. Verf. III. Dactyliothek von

283 394 864 43 Auguſtus bis Auguſtulus. Beitrag zur Geſchichte Von A.

277 430 868 44 Paſſy. IV. Handwoͤrterbuch des roͤmiſchen Alterthums ꝛc.

279 466 300 36 Von F. J. Brand. . . . . . . . . . . . . . . 253

277 502 867 38 6. Auswahl belehrender und erbaulicher Stellen aus den Schriften

273 540 869 38 der heil.Thereſia von Jeſu, Stifterin der Barfuͤßercarmelitinen. 256

269 601 873 37 XII. Drei Lehr⸗ und Erbauungsvortraͤge am Allerheiligenfeſte uͤber

275 636 873 37 die Heiligen und ihre Verehrung, uͤber ihre Anrufung und

278 667 581 35 uͤber ihre Reliquien. (Zweiter Vortrag.) . . . . . . 257

184 700 958 43 XIII. Aus der Scholaſtik des heil. Thomas von Aquin. (Fortſetzung.) 316

187 735 948 44 XIV. Das Intereſſe des menſchlichen Geſchlechtes an der Erhaltung

268 769 873 45 der chriſtlichen Offenbarung aus dem Geſichtspunkte der Hu⸗

269 779 956 66 manitaͤt. . . . . . . . . . . . . . . . . . 337.

199 837 531 36 XV. Ein ernſtes Wort zu ſeiner Zeit. . . . . . . . . . 343

185 871 958 47 XVI. Das angebliche Teſtament des Pabſtes Leo XII. an ſeine

270 907 161 35 Nachfolger. . . . . . . . . . . . . . . . . . 346

174 943 860 43 XVII. Ueber die belgiſchen Angelegenheiten. . . . . . . 350

165 981 308 35 XVIII. Literatur.

272 1028 869 43 1. Geſchichte der chriſtlichen Kirche von Joſeph Othmar

313 1065 392 34 Ritter von Rauſcher. . . . . . . . . . 365

270 1098 868 40 2. Handbuch der Philoſophie, der Logik, Metaphyſik, Moral

316 1131 819 46 und Rechtsphiloſophie. Von Johann Püllenberg. 377

262 1162 877 46 3. Psalterium Davidis, brevi ac succincta paraphrasi ex⸗

315 1197 257 39 plicatum. . . . . . . . . . . . . . . . 378

194 1291 337 35 Beilagen Nro. I. - III.
