1259 2153
535 90 55 43 77

55 176 1036 65 endes Lied, in welchem jede Strophe mit den Worten

51 256 136 42 begann:

292 303 515 46 Wenn Gott mit uns in Noͤthen iſt,

286 355 551 50 So weicht des Teufels Trug und Liſt!

137 422 945 62 Muſik war auch dabei. Dann beſtieg der Superin⸗

48 479 1039 64 tendent Surthlage von Barmen die Kanzel und hielt eine

50 533 1041 64 Rede über Hebr. XIII. 6. reich an rhetoriſchen Formeln

52 585 1039 66 und groben Ausfällen gegen die Katholiken. Der Zweck

56 638 1033 64 ward nicht verfehlt; denn ich ſah, wie das Feuer aus

57 696 1028 62 den Augen des proteſtantiſchen Pöbels ſprühete, während

57 751 1036 63 auf den Geſichtern der katholiſchen Bauern allgemeiner

52 809 1038 60 Ärger ſich ausſprach, ſo daß wirklich ein zweiter Bauern⸗

55 874 494 47 krieg hätte entſtehen können.

139 926 954 57 Hiermit war die kirchliche Feierlichkeit beſchloſſen.

51 977 1036 68 Ich eilte nun voraus zum Buſcherhof, wo des Heili⸗

57 1032 1040 67 gen Denkmal ſtehen ſollte; denn dahin, ſagte man mir,

55 1086 1035 64 ſollte der feierliche Zug (die Prozeſſion) ſich begeben, um

58 1140 1033 67 des Monumentes Grundſtein zu legen. Rings umher

54 1201 1041 62 war ſchon Alles mit Menſchen angefüllt, ſelbſt auf den

55 1256 1049 60 Wipfeln der Bäume ſah man der Zachäen Viele. Nun

62 1311 1035 61 nahete die Prozeſſion; an ihrer Spitze (ſtatt des Kreuzes)

62 1362 1039 64 den Herrn Landrath und die Prediger, etwa 50 an der

53 1416 1042 68 Zahl. Geſänge über den Glaubenshelden erſchollen ſchon

62 1471 1036 64 aus der Ferne und beherrſchten die ganze Gegend, bis

65 1525 1034 65 der Zug etwa fünf Minuten vom Orte des Denkmals ſich

59 1581 1042 63 befand, wo ein lärmendes Gepfiffe der daſelbſt ſchon ver⸗

63 1640 734 59 ſammelten Menge den Geſang übertönte.

143 1703 954 57 Nun beſtieg der Superintendent Keller von Wermels⸗

57 1758 1044 58 kirchen den Raſenhügel und hielt eine kurze Rede. Nach⸗

59 1809 1036 61 dem er in die ſüdliche Länge und in die nördliche Breite

61 1863 1030 64 Vieles geſprochen über Aberglauben, Unglauben,

63 1916 1037 65 Dummheit (wie feſtlich!) und Menſchenſatzungen

66 1973 1027 64 damaliger Zeiten, als der heil. Glaubensheld Adolph
