1258 2153
418 115 348 46 Beilage

189 218 784 59 zum Katholiken.

318 314 517 53 Jahrgang 1830.

500 414 156 45 Nʳᵒ II.

525 628 118 41 Curiosa.

118 675 982 49 Der ſaͤchſiſche Eremit hebt einen polemiſchen Artikel ge⸗

47 729 1054 49 gen einen bekannten Schriftſteller mit folgenden Worten an:

47 784 1052 47 „Obſcurus Knopfdiſtel, Federfechter von der Leine, einer

42 839 1056 48 der obscurorum virorum, die von der Abendzeitungslampe

44 890 1049 50 als Lichtſchnuppen abfallen, u. ſ. w.“ Iſt das ſaͤchſiſche Artigkeit?

129 944 968 47 Der Hesperus, der wahrſcheinlich krank war, hatte

34 994 1067 52 im vorigen Jahre geſagt, die Jeſuiten ſollte man nicht

37 1048 1064 51 verlaͤumden, aber doch auch nicht loben. Wir freueten uns

38 1101 1054 51 uͤber dieſe Aeußerung, die von Seite des Hesperus ſchon ein

39 1154 1056 52 großes Opfer war, die Jeſuiten fuͤrder nicht mehr zu ver laͤum⸗

43 1208 1053 52 den: allein der gute Vorſatz dauerte nicht lange und die Ver⸗

47 1269 1050 44 laͤumdung blieb kaum eine kurze Zeit aus. Da erinnert man ſich

44 1324 385 41 unwillkuͤrlich der Verſe:

139 1371 450 39 Der Teufel war ſehr uͤbel auf.

142 1417 568 40 Und ſtund ihm ſchier das Leben drauf;

153 1464 505 39 Drum wollt' er in die Kirche gehen

141 1513 482 38 Und von der alten Art abſtehen;

151 1559 446 41 Nachdem er aber gnommen ein,

150 1607 501 42 Und wieder kommen auf die Bein,

141 1655 480 43 Hat er's als wie zuvor getrieben,

142 1703 448 40 Und iſt der alte Teufel blieben.

121 1755 965 41 Die Zeitung fuͤr die elegante Welt ſagt Nro. 214. v. J.

41 1806 1042 46 „Sismondi ſcheint in ſeiner Behauptung: daß in Rom taͤglich

46 1855 1043 51 ein paar Menſchen gemordet werden, doch nicht viel uͤbertrieben

37 1907 1042 54 zu haben. Man hat jetzt naͤmlich berechnet (!), daß im Kirchen⸗

41 1963 1047 50 ſtaate unter Pius VI. v. 1715 bis 1800, achtzehntauſend

41 2018 1041 47 gemeuchelmordet worden; thut taͤglich — zwei Menſchen; zwar
