1342 2454
518 92 291 40 Kirchliche Statiſtik.

70 114 46 34 30

73 162 1193 61 aus einer Provinz in die andre ſollten verſetzt werden können, ſo führte

70 211 1192 60 dieß unvermeidlich zu einer Ungleichheit, welche in einzelnen Fällen ſogar

70 260 1192 62 als Ungerechtigkeit erſcheinen mochte, und ohne Zweifel haben hierin eine

68 311 1188 60 Menge der Klagen ihren Grund, welche über angebliche Bevorzugung und

70 362 1182 58 Begünſtigung, oder gegentheils über Hintanſetzung einzelner Subjecte ge⸗

76 429 304 39 führt worden ſind.“

153 461 1107 57 „Da durch die ganze kirchliche Verwaltung derſelbe Geiſt ging, welcher

66 507 1194 60 in der Adminiſtration aller übrigen Staatsangelegenheiten herrſchte, ſo konnte

74 555 1184 61 die Kirche ihr ganz eigenthümliches, von allen übrigen Elementen der ſtaats⸗

78 604 1186 62 bürgerlichen Existenz weſentlich verſchiedenes Leben unmöglich gehörig ent⸗

76 651 1188 65 falten, und da überdieß in ſämmtlichen Kirchenraths⸗Collegien die nicht⸗

71 700 1189 66 geiſtlichen Mitglieder der Zahl nach das Uebergewicht hatten, ſo war es

86 750 1172 63 leicht begreiflich, daß die Sorge für die äußern Angelegenheiten die höhe⸗

82 798 1178 65 ren, geiſtigeren Intereſſen verſchlang und der rein religiöſe Geiſt weit

76 849 1186 62 mehr in den Hintergrund trat, als es hätte geſchehen dürfen, wenn die

79 898 1183 62 Kirche gerade in ſo bedenklichen Zeiten, wie wir ſie durchlebt haben, ihre

85 947 1179 63 ganze volle Wirkſamkeit entwickeln ſollte. So iſt es denn auch wirklich

83 998 1181 62 gekommen. Die Kirchenraths⸗Collegien ſind gewiß nie unthätig geweſen;

86 1045 1174 63 aber ihre Thätigkeit war faſt bloß auf äußere Kirchenverhältniſſe beſchränkt.

88 1094 1180 63 Wer ſich davon überzeugen will, der durchblättere nur die ſeit 6 oder

86 1145 1176 60 8 Jahren erſcheinende „Sammlung der Ausſchreiben“ dieſer Behörden,

80 1193 1184 60 und er wird ſtaunen, wie unglaublich wenig für das eigentliche innere

91 1243 1171 60 Leben der Kirche darin enthalten iſt, ſo daß der Unkundige glauben müßte,

87 1292 1179 60 unſer Kirchenweſen befinde ſich in einem durchaus unverbeſſerlichen Zuſtande,

94 1339 1168 64 und ſey längſt im Beſitz alles deſſen, was neuerdings in Folge der fort⸗

92 1388 1174 65 geſchrittenen Zeit als Bedingung einer würdigen Stellung und ſegenvollen

90 1435 1180 66 Wirkſamkeit der Kirche und des geiſtlichen Standes geltend gemacht wor⸗

90 1484 1186 68 den iſt. — Ich wiederhole, daß ich hiermit weder den Kirchenraths⸗Colle⸗

96 1535 1178 66 gien im Ganzen, noch den einzelnen Mitgliedern derſelben einen Vorwurf

96 1585 1172 65 machen will. Ich ſuche vielmehr den Grund davon in der ungünſtigen

89 1650 674 49 Stellung und Zuſammenſetzung derſelben.“

169 1679 1109 73 „Zu allen dieſen bisher berührten Mängeln kam aber überdieß noch

92 1733 1178 67 der in ſeinen Folgen gar nicht zu berechnende Nachtheil, daß es, beſonders

94 1869 1172 64 Prüfungsbehörde gar wohl die erſte Note erhalten und dadurch bei allen

102 1911 1166 66 nachfolgenden Beförderungsgeſuchen vor einem andern, vielleicht weit Würdi⸗

97 1956 1171 67 gern, der aber vor ſtrengern Examinatoren nur den zweiten Grad verdienen

100 1999 1174 69 konnte, einen immerwährenden entſcheidenden Vorzug haben. Dieſe Sache

100 2048 1166 65 hatte keine Bedeutung, als die verſchiedenen Provinzen noch gleichſam abge⸗

100 2089 1168 70 ſchlossen waren, und die Amtsverſetzung aus der einen in die andere nur als

104 2133 1164 69 Ausnahme vorkam. Seitdem aber — wie billig — dieſer Provinzialbann

104 2181 1162 67 aufgehoben iſt, hat es an empfindlichen Folgen jener ungleichheit nicht feh⸗

102 2258 191 34 len können.“
