1342 2454
577 62 161 36 Miscellen.

66 76 62 35 32

70 139 1168 46 legien nöthigen Summen zu verweigern und die von allen Seiten einge⸗

66 191 995 44 reichten Bittſchriften um Hülfe, laſſen darüber keinen Zweifel.“

141 237 1095 42 Soweit der verewigte Z., deſſen zuletzt angeführte Worte dem Ref.

68 287 1170 44 den Uebergang zum Folgenden bahnen ſollen. Gewiß iſt es nämlich, daß

73 334 1169 45 ſich längſt und offenkundig genug bei allen Geiſtlichen und vielen Gemein⸗

65 383 1177 46 degliedern das Bedürfniß einer Verbeſſerung der bisherigen Kirchenverfaſ⸗

65 431 1177 48 ſung ausgeſprochen hatte. Obgleich aus leicht begreiflichen Gründen nicht

64 481 1174 46 ſo laut und dringend als in Sachſen, Hannover und überhaupt den Län⸗

70 532 1170 45 dern, wo mehr kirchliche und geiſtige Regſamkeit herrſcht, kundgegeben,

70 580 1164 47 wurde es doch, wie Ref. aus eigner Erfahrung weiß, ziemlich überall ge⸗

70 628 1176 49 fühlt. Dennoch blieb ſo lange Alles beim Alten, bis man im Publikum

64 680 1176 45 erfuhr, daß die Regierung, überhaupt mit Organiſationsprojecten umgehend,

65 727 1175 48 auch eine Umänderung und reſpective Verbeſſerung der bisherigen Kirchen⸗

70 776 1174 46 verfaſſung beabſichtige, und unter andern den Hofprediger Zimmermann

71 827 1175 44 mit der Bearbeitung eines Planes zu derſelben beauftragt habe. Mit ge⸗

65 874 1181 48 ſpannter Erwartung wurde von nun an der Publication dieſer neuen Ver⸗

78 925 1168 46 faſſung entgegengeſehn, bis endlich das obenerwähnte Edict vom 6. Juni

69 980 1123 41 erſchien, deſſen Inhalt wir nun in möglichſter Kürze anzugeben haben.

535 1037 242 36 (Schluß folgt.)

542 1167 240 38 Miscellen.

213 1232 886 42 Roſtock. Theologiſche Vorleſungen. Sommer 1833.

142 1284 1100 45 Bauermeiſter: Theſſalonicher, Galater, Korinther, Römer, Einleitung

71 1330 1167 45 ins A. u. N. Teſt., chriſtl. Dogmatik. — Fritzſche: Matthäus, Marcus,

74 1372 1172 50 Lucas, mit linguiſt. Einleitung ins N. T., bibl. Theolog. nebſt den dogmat.

73 1419 1187 46 Beweisſtellen des A. u. N. T., Hiob, Homiletik, verb. mit prakt. Uebungen. —

75 1461 1173 50 Hartmann: theol. Moral, Meſſian. Weiſſagungen (ausführliche Erläut. von

74 1506 1170 50 Jeſ. 40 — 66.), Apoſtelgeſchichte. — Wiggers: Encyklop. und Methodo⸗

79 1545 1170 54 logie, Kirchengeſch. 1., Reformationsgeſchichte, Pädagogik, Homilet. — Ka⸗

81 1607 592 38 tech. Uebungen. — Anfang 15. April.

222 1658 871 42 Leipzig. Theologiſche Vorleſungen. Sommer 1833.

150 1698 1101 57 Anger: Nahum, Zacharias, Malachias, Korinther 1. — Goldhorn:

74 1735 1167 57 Homilet. Uebungen. — Großmann: Matthäus, Paſtoraltheologie. — Hahn:

73 1770 1167 58 Homiletik, homil. Uebungen, Jeremias. — Höpfner: Pf., Lucas, Exam. über

70 1811 1170 55 K. ⸗Geſch. — Illgen: Kirchengeſch. 1, Dogmengeſch. — Küchler: Pſalmen.

75 1841 1160 57 — Lindner: Apologetik, Liturgik, Seelſorge, K.⸗Verfaſſung. — Riedner:

75 1879 1167 58 Jeſaias Thl. 2, Kirchengeſchichte. — Plato: Katechetik, nebſt katech. Uebun⸗

77 1912 1169 63 gen. — Roſenmüller: Geneſis. — Seyffarth: Geneſis. — Schuffen⸗

78 1952 1166 56 hauer: Curſor. Vorleſ. über das A. T., Kirchengeſchichte, Geſch. der ſymbol.

75 1983 1169 61 Bücher. — Theile: Einleitung ins N. T. — Synoptiker, Leben Jeſu. —

82 2023 1160 57 Winer: Anleitung zum akadem. Studium, Römer, Dogmatik und Dogmen⸗

75 2060 1171 59 geſch. — Winzer: Kohäleth, ausgew. proph. Abſchnitte, Galater, Epheſer,

77 2109 992 45 Philipp., Coloſſ., Theſſal. 1. 2., Hebräer. —  Anfang 13. Mai.

98 2217 463 38 Redacteur: Prof. Dr. Rheinwald.

899 2192 334 55 Verleger: F. A. Herbig.
