1360 2446
483 76 417 42 Evangeliſches Kirchenrecht.

103 100 81 37 276

108 141 1184 72 oben zur Folge ꝛc. Um nun vielſeitigen Klagen abzuhelfen, hat der Groß⸗

116 193 1168 69 herzog, theils kraft ſeiner landesherrlichen Machtvollkommenheit theils des

114 242 1168 66 ihm adhärirenden Episcopatsrechts, eine neue Organiſation der Behörden

116 291 1174 66 für die evangeliſchen Kirchenangelegenheiten verfügt, und die dadurch noth⸗

114 339 1172 66 wendig gewordenen Amtsinſtructionen erlaſſen. Durch ſie ſoll der Grund

114 389 1172 65 zu durchgreifenden Verbeſſerungen gelegt werden, welche die neuen Kirchen⸗

119 436 1169 67 behörden ſelbſt einzuleiten haben. Nach dem erſten Edict iſt die Verwal⸗

118 490 1170 62 tung der geſammten evangeliſchen Kirche (mit Einſchluß der reformirten),

118 536 1174 65 unter Oberleitung des Miniſteriums des Innern und der Juſtiz, folgenden

114 583 1178 67 Behörden übertragen: einem Oberconſiſt., drei Superint., den Kreisräthen,

120 631 1174 69 den Decanen, den Pfarrern und den Kirchenvorſtänden; nur in den ſtandes⸗

116 680 1178 68 herrlichen Bezirken bilden die beſtehenden Conſiſt. die Mittelbehörden zwiſchen

115 725 1175 69 dem Oberconſiſt. und den Decanen. — — — — *) Auf das allgem. Orga⸗

120 778 1170 67 niſations⸗Edict folgt die Amtsinſtruction für die Superint., ſodann die für

118 824 1174 71 die Decane. Vor das Edict über die Organiſation der Kirchenvorſtände

124 874 1170 70 in den evangeliſchen und katholiſchen Gemeinden iſt das Edict geſtellt, welches

126 924 1168 68 die Aufhebung des katholiſchen Kirchen⸗ und Schulrathes verfügt und die

124 970 1174 71 katholiſchen Kirchenangelegenheiten „vertrauensvoll“ (möchte dieß Vertrauen

124 1022 1168 69 gerechtfertigt werden!) in die Hand der biſchöflichen Behörden legt. Wei⸗

128 1070 1164 69 ter folgt eine Verordnung über die Verwaltung des Kirchenvermögens,

124 1118 1164 71 eine weitere über Reviſion der Local⸗, Kirchen⸗, Stiftungs⸗ und Schul⸗

128 1166 1162 72 rechnungen. Endlich ſchließt ſich an ein Organiſationsedict über das Volks⸗

140 1214 1164 72 ſchulweſen nebſt Inſtructionen für die Orts⸗ und Bezirks⸗Schulvorſtände

134 1264 1160 70 und den Oberſchulrath. Das kritiſche Sendſchreiben hebt mit Glück die

134 1314 1158 68 Vorzüge dieſer — von ſeinem Verfaſſer ſelbſt mit bearbeiteten Kirchen⸗

132 1362 1162 69 und Schulordnung hervor, indem es in Briefform die Einwendungen eines

140 1409 1160 73 befreundeten Gegners entkräftet. Zuerſt ſtellt es die Vorzüge einer kirch⸗

136 1460 1158 71 lichen Landesbehörde gegen die früheren Provinzialconſiſtorien ins Licht

140 1505 1168 77 zeigt ſodann die kirchlichere Zuſammenſetzung der erſteren, rechtfertigt die

133 1554 1173 78 Zuziehung von Juriſten und ihr Zahlenverhältniß zu den Geiſtlichen, die

140 1602 1160 78 treffliche Einrichtung der Anwohnung beider Superintendenten bei beſonde⸗

146 1650 1160 77 ren Verhandlungen, welche eine vielſeitige Beleuchtung vom theologiſchen

140 1698 1170 79 Geſichtspunkt aus nöthig machen. Gebührende Berückſichtigung erhält das

144 1751 1154 74 Amt der Superintendenten mit ſeinem auf das eigentlich Geiſtige allein

146 1795 1162 78 beſchränkten Geſchäftskreiſe, während die Superintendenten anderer Länder

150 1844 1156 78 meiſt neben der Schulinſpection noch viele andere zerſplitterndere Geſchäfte

146 1891 1162 81 der Adminiſtration zu beſorgen haben. Hier haben ſie gleichſam allein die

144 1941 1160 80 höhere Seelſorge über die Geiſtlichkeit zu üben. Darum aber iſt die Be⸗

144 1988 1166 84 ſetzung dieſer Stellen eine höchſt wichtige Aufgabe für die Staatsregierung

148 2037 1158 84 Sofort werden die Forderungen, welche die neue Organiſation an die

148 2085 1158 84 Geiſtlichen macht, beſprochen, und gezeigt, wie dieſe nothwendig ſind, um

148 2132 1164 89 dem geiſtlichen Stande ſeine würdige Stellung und ſegensvolle Wirkſam⸗

219 2237 626 49 *) Das Nähere hierüber oben II. Nr. 3.
