1342 2454
526 51 275 42 Kirchliche Statiſtik.

75 59 58 43 16

73 136 1182 39 ich es mir nicht verhehlen, daß fortwährend die Zahl derjenigen noch allzu⸗

71 185 1181 39 groß iſt, welche die heilige Bedeutung und ſchwere Verantwortlichkeit ihres

73 234 1179 37 heiligen Berufes nicht vollſtändig erkannt, nicht ernſt beherzigt zu haben

77 283 1175 36 durch Wort und That beurkunden. Zwar die in beſtimmten Stunden

74 331 1184 39 abzumachenden Geſchäfte verrichten ſie, und dem Buchſtaben beſtehender

71 380 1185 39 Verordnungen und Reglements kommen ſie nach, ja, wiſſen vielleicht ſogar

72 430 1180 36 durch prompte Berichterſtattung und genaue Führung der Amtstabellen und

74 480 1174 36 Kirchenrechnungen den Dank und Beifall der Behörden zu verdienen.

84 529 1170 35 Aber für den höhern Standpunkt iſt dieß Alles werthlos, weil ihnen der

80 578 1178 35 rechte Geiſt fehlt, weil ſie nicht in wahrer inniger Liebe und in frommer

69 626 1183 36 Begeiſterung ihrem Berufe mit einer alles Andere ausſchließenden Hin⸗

73 674 1181 39 gebung leben, ſondern die Pflichten deſſelben eben nur als Geſchäfte und

79 725 1177 36 als einen Frohndienſt anſehn, den man nothdürftig, nicht ſelten mechaniſch

80 774 1176 35 verrichtet, um dann deſto ungeſtörter dem dolce far niente obliegen, oder

75 822 1179 35 dem Fruchtacker und dem Weinberge (nicht dem des Herrn) nachgehn zu

77 871 1177 36 können.“ Dieſe Aeußerungen des verewigten Z. muß Verf. nach ſeiner

74 920 1184 36 Erfahrung nicht nur unbedingt als wahrheitsgemäß anerkennen, ſondern er

74 969 1182 36 iſt ſogar im Stande das hier gegebene Gemälde in vielen Zügen noch

73 1016 1183 38 weiter auszuführen und die grellſten Farben dazu von Thatſachen zu ent⸗

74 1065 1180 38 lehnen, welche wirklich faſt an’s Unglaubliche grenzen, und die religiöſe und

76 1113 1184 39 wiſſenſchaftliche Indolenz, die geiſtige Mittelmäßigkeit und Trägheit, die

73 1163 1179 39 gemeine, ganz dem Höhern entfremdete Lebensanſicht, die Ordinärheit der

77 1212 1175 38 nur auf die gewöhnlichſten Intereſſen gerichteten Geſinnung, die widerliche

76 1261 1176 37 ſinnliche Genußſucht und Verweltlichung eines leider nur zu großen Theils

78 1308 1178 39 der Heſſiſchen Geiſtlichkeit auf eine Wehmuth erregende Weiſe darlegen.

75 1356 1179 40 Wohl kann man deßhalb auf dieß Heſſiſche Kirchenleben die Worte Schil⸗

76 1407 1172 40 ler’s anwenden, „daß, wo die Kunſt verfällt, dieß allezeit durch die Schuld

74 1458 363 39 ihrer Jünger geſchehe.“

514 1505 298 43 (Fortſetzung folgt.)

535 1599 251 41 Miscellen.

449 1661 429 35 Todesfälle. Januar.

146 1704 1104 37 Den 13. ſtarb der Superintend. M. G. W. Wendler 66 J. alt, wäh⸗

78 1748 1170 39 rend der Predigt am Lungenſchlage. — D. 15. zu Glatz der Prof. ng. con-

82 1794 1166 37 viet. V. Fiſcher 29 J. alt. — D. 16. zu Coblenz K. Albrecht Pf. zu U. L. F.

74 1837 1172 39 Dechant des Capitols, biſchöfl. Provicar u. Ehren⸗Domherr von Trier 87 J. a.

80 1881 1160 39 — D. 18. zu Rom R. N. M. Nicolai, Generalauditor der apoſtol. Kammer,

74 1925 1170 40 Secretär der Verwaltungscongregation 77 J. a. — D. 24. zu Herrnſtadt,

73 1974 1127 36 Superint. Weiger 70 J. a. Zu Ansbach Conſiſtorialr. v. Wunſch. —

74 2012 1178 43 D. 26. zu Frankf. a. M. A. Stein, ev. Pf. u. Sonntagsprediger z. h. G.

68 2055 1174 47 44 J. a. — D. 27 Frz. Wully, Chorherr von Chur u. Kanzler des Biſch.

72 2112 358 35 von Lauſanne 56 J. a.

897 2196 339 53 Verleger: F. A. Herbig.

90 2211 467 40 Redacteur: Prof. Dr. Rheinwald.
