1364 2456
195 90 985 44 Allgemeines Repertorium

642 166 91 42 fuͤr

119 238 1124 45 die theologiſche Literatur und kirchliche Statiſtik.

604 357 165 40 № 2.

425 469 535 42 Exegetische Theologie.

137 529 1142 35 Beiträge zur Einleitung in die bibliſchen Schriften. Von Dr.

161 575 1118 33 Karl Auguſt Credner, Prof. der Theol. zu Gieſſen. Erſter Band. Die

165 620 1102 33 Evang. der Petriner oder Judenchriſten. S. 533. X. Halle, Waiſenhaus

164 660 322 38 1832. gr. 8. 2¼ rtl.

149 716 1126 41 Dieſer erſte Band verſpricht zunächſt noch zwei Nachfolger, mit welchen

101 761 1176 45 er eine Einleitung in die 4 Evangelien vollenden will, welche die gegen⸗

103 809 1172 45 wärtige Lieferung in ſofern anbahnt, als ſie den Stoff für die Unterſu⸗

107 859 1166 44 chung genetiſcher Verhältniſſe ſo vollſtändig als möglich darlegt, womit der

107 908 1168 43 zweite Band, Unterſuchungen über den Zuſtand der griechiſchen Ueberſetzung

107 955 1172 44 des A. T. am Ende des erſten und Anfang des zweiten Jahrhunderts

103 1003 1177 47 enthaltend, fortfahren wird, während der dritte die eigentliche Einleitung

111 1052 1168 47 geben ſoll. Abſchnitt I. Anſehen und Gebrauch der neuteſtamentlichen

107 1101 1164 45 Schriften in den beiden erſten Jahrhunderten S. 1 — 91. Nach einer

103 1148 1170 50 weniger tiefen als rhetoriſchen Entwicklung des Begriffs von Offenbarung

103 1197 1166 50 und Inſpiration werden die bibliſchen Stellen geprüft, und wird gezeigt, daß

107 1246 1168 50 nicht die Apoſtel allein, ſondern alle Chriſten im Beſitz des göttlichen Gei⸗

101 1295 1170 51 ſtes dargeſtellt werden, womit man übrigens immer unbeſtimmte, ſchwan⸗

103 1342 1166 52 kende Begriffe verbunden habe. Auch die apoſtoliſchen Väter ſchreiben ſich

107 1392 1170 50 den Geiſt zu, daraus zu ſchließen, daß ſie noch keine apoſtoliſchen Schrif⸗

107 1439 1164 52 ten als inſpirirt beſonders auszeichneten; dieß wird ſofort noch beſonders

105 1487 1165 55 nachgewieſen, indem Ignatius *) gegen das A. T. (ἀρχαῖα!?) kämpft,

113 1536 1162 54 ohne ihm neue Schriften entgegenzuſtellen, Polycarp wenig Unterſchied

107 1584 1170 54 zwiſchen Paulus und Ignatius macht (wobei der Verf. gegen einen Aus⸗

105 1631 1168 57 druck scripturis dictum est von Paulus kämpft), Papias keinen Unter⸗

103 1678 1168 63 ſchied unter den Schülern Jeſu zuläßt, bei denen er Reden ſammelt.

109 1725 1162 63 Auch die Polemik eines Celſus kennt noch keinen Unterſchied zwiſchen in⸗

115 1777 1160 60 ſpirirten und andern Schriften. Früher war die mündliche Ueberlieferung

105 1819 1164 66 die einzige Quelle, und nur die altteſtamentlichen Schriften wurden zur

111 1863 1168 72 Beſtätigung beigezogen. Jetzt regte ſich das Bedürfniß einer fixirteren

110 1912 1167 71 Tradition, einer ſchriftlichen; aber letztere beſtand nicht allein in unſern ka⸗

108 1957 1169 76 noniſchen Evangelien, ſondern auch in apokryphiſchen. — Schon die Ent⸗

175 2095 1101 54 *) Unbegreiflich iſt, wie der Verf. in dem ἱουδαισμός, vor welchem Ig⸗

107 2131 1173 62 natius warnt, den Gebrauch des A. T. gemeint glauben kann! Wie hoch

108 2173 558 59 stellt Ignatius immer die Propheten!

126 2221 232 51 II. Bd. 1833.

1020 2245 38 37 2
