1382 2448
456 61 410 35 Evangeliſches Kirchenrecht.

1165 69 76 38 201

72 137 1178 44 „daß zwar in der Regel über Perikopen gepredigt, dadurch aber denjeni⸗

75 188 1172 42 gen Geiſtlichen, die als Schriftgläubige und Schriftgelehrte ſich bereits

77 239 1169 40 gezeigt haben, nicht verwehrt werden ſoll, auch auf den Grund anderer

73 284 1174 45 bibliſchen Stellen ihre Gemeinen zu erbauen,“ als Kirchengeſetz etwas be⸗

73 332 1176 46 denklich finden möchten. In Betreff der einzelnen Vorſchriften zeigt der

69 382 1180 45 Verf. 1) daß einige unausführbar ſind, oder doch von den Pfarrern nicht

73 431 1172 46 ausgeführt werden können, 2) daß andere auf unbekannten Vorausſetzun⸗

73 482 1172 46 gen beruhen (wie die Vorſchrift über den zu hoffenden Katechismus, die

77 530 1172 48 zu erwartende Agende), 3) daß für andere kein triftiger Grund einzuſehen

81 582 1170 43 iſt, und 4) einige als eigentlich zweckwidrig erſcheinen. Auch hierin ver⸗

81 628 1166 49 dient der Verf. Beiſtimmung. Einige Amtserfahrungen, die er mittheilt,

83 679 1170 46 gereichen dem betreffenden Conſiſtorium nicht zur Ehre. Der Verfaſſer

75 726 1168 49 führte mit Unterſtützung des Landgerichts und des Magiſtrats die Theil⸗

75 775 1170 49 nahme der Sonntagsſchulpflichtigen an den öffentlichen Katechiſationen ein.

75 824 1178 49 Der Schulvorſtand war dagegen, und hinderte es durch Verlegung der

81 871 1169 49 Unterrichtsſtunden; das Conſiſtorium that Nichts. „Gleicher Weiſe ver⸗

81 924 1168 46 nahm ich im vorigen Jahre, daß das Bürgermilitär am Sonntag und

77 973 1172 46 zwar in der Frühe, nicht lange vor dem Anfange des Gottesdienſtes, exer⸗

87 1023 1168 44 ciren müſſe; ich ſchrieb an das Commando, und bat um Abſtellung dieſer

83 1071 1166 46 Sabbaths⸗Entweihung, und das Commando berief ſich auf höhere Be⸗

87 1124 1164 42 fehle; ich wendete mich an das Conſiſtorium, und dieſes hat mich bis

85 1167 548 47 heute noch ohne Antwort gelaſſen.“

149 1239 1108 34 Ref. kann nicht umhin, auf ein älteres vortreffliches Schriftchen hin⸗

89 1280 1162 47 zuweiſen, das die Verhältniſſe der baierſchen Kirche und ihre Bedürfniſſe

89 1323 805 49 in würdiger, gediegener Weiſe zur Sprache bringt:

107 1378 1146 41 Allgemeine Ueberſicht des Zuſtandes der proteſt. Kirche in

143 1428 1117 34 Baiern bei der dritten Säcularfeier der Augsburgſchen Confeſſions⸗

145 1472 1115 37 Uebergabe im Jahr 1830. Von Karl Fuchs, der Theologie Doctor,

149 1518 1117 36 Königl. Conſiſtorialrathe und Hauptprediger. Ansbach, Dollfuß. 1830.

154 1558 258 41 S. 67. ⅓ rtlr.

153 1617 1112 39 Nach einer, der Veranlaſſung gemäßen kurzen Einleitung, finden wir

93 1656 1170 52 eine allgemeine Statiſtik der baierſchen proteſtantiſchen Kirche, welche durch

93 1704 1164 53 die Zeitereigniſſe des 19. Jahrhunderts geſchaffen wurde. Sie zählt 985

91 1755 1172 53 Pfarreien, worunter 288 ſind, die durch Präſentation der Patronate be⸗

91 1804 1166 55 ſetzt werden, welches aber imRheinkreiſe bei keiner Pfarrſtelle Anwendung

93 1854 1166 51 findet. Bei dieſen Pfarrgemeinden ſind 1150 Geiſtliche angeſtellt, und

87 1899 1178 54 die Zahl der Geſammtgemeinden war ſchon 1826 auf 1,089,523 Seelen

89 1949 1178 53 berechnet. In allen 8 Kreiſen des Königreichs ſind proteſtantiſche Pfarr⸗

91 1997 1170 55 gemeinden. In den älteren Landestheilen iſt die Zahl der evangeliſchen

89 2044 1170 56 Einwohner gering; im Iſarkreiſe finden ſich nur 2 Pfarreien, München

95 2092 1169 60 mit 7000 Seelen, und Carolinenfeld; im Unterdonaukreiſe nur Ortenburg

97 2141 1163 61 mit 1359 Seelen. Die zahlreichſten Evangeliſchen ſind im Rezatkreiſe,

97 2191 1168 60 dem Ober- und Untermainkreiſe. Neue Gemeinden entſtanden in früher
