1324 2446
464 70 412 40 Evangeliſches Kirchenrecht.

77 91 66 38 62

88 141 1184 60 ſchenswerth iſt, beſonders da nur durch Zuſammenſtehen mehrerer Gemein⸗

83 193 1179 55 den die Aufwendung von Mitteln möglich iſt, welche die Kräfte der ein⸗

83 243 1175 56 zelnen überſteigen und doch vom Geſellſchaftszwecke gefordert werden, verei⸗

93 293 1161 53 nigen ſich nun einzelne Gemeinden zu einer Samtgemeinde (Synode).

81 340 1181 54 Dieß vornehmlich zum Schutz gegen den Staat, zur letzten Entſcheidung

89 389 1175 55 über Amtsverletzungen der Kirchendiener, ſo wie zur Prüfung dieſer ſelbſt.

88 438 1176 57 Denn für Liturgie, für Bildung und Anſtellung der Kirchendiener braucht

87 488 1179 54 die Kirche nicht zu ſorgen. Jene, die Bildung der Religionslehrer, iſt am

96 535 1174 57 beſten der Privatbetriebſamkeit zu überlaſſen, auf keinen Fall können der,

92 584 1174 57 Kirche geordnete Anſtalten dafür zugemuthet werden. Da meint doch die

96 634 1166 55 freie Kirche in Amerika, es wären theologiſche Seminarien wünſchenswer⸗

96 681 1166 58 ther, als ihre Geiſtlichen von andern praktiſch zurichten zu laſſen. Mit

96 732 1164 55 welchem Rechte die freie Kirche ihrer Prüfungscommiſſion, unter der auch

95 781 1165 55 Layen ſeyn ſollen, vorſchreibt, ihr Tüchtigkeitszeugniß von einem Zeugniß einer

100 829 1160 54 Staatsbehörde, daß der Candidat die für jeden Staatsdiener nöthigen Kennt⸗

96 879 1172 55 niſſe in allgemein wiſſenſchaftlicher Beziehung beſitze, abhängig zu machen, leuch⸗

94 925 1180 59 tet nicht ein. Wenn eine freie Gemeinde nun keinen ſtudirten Geiſtlichen ha⸗

94 976 1170 55 ben will, wer hat ihr darein zu reden? Es iſt (S. 140.) ein freier Aci

100 1024 1172 57 der Gemeinde, die den Mißgriff ſich ſelbſt zuzuſchreiben hat. — Wenn

102 1073 1164 58 es übrigens einer Samtfreikirche einfallen ſollte, eine theologiſche Bil⸗

100 1125 1168 55 dungsanſtalt zu gründen, ſo kommt glücklicher Weiſe, aber wie zufällig,

100 1170 1170 59 dem Verf. die Erinnerung an das alte Gut der Kirche, welches die Staa⸗

104 1220 1164 58 ten durch Seculariſationen, d. h. Sacrilegien, eingezogen haben. Er

102 1268 1166 59 droht ganz kapuzinermäßig mit dem Fluche, wenn der Staat nicht alles

105 1317 1161 59 herausgiebt (S. 268.). Ref. möchte wiſſen, ob, wenn man einmal die

107 1369 1157 55 Einwohner der reſpectiven Staaten nach den Vorſchlägen der freien Kirche

108 1417 1154 56 als Glieder einer ſolchen darüber kopfweiſe abſtimmen ließe, ob ſie den

108 1464 1164 59 Ausfall in den Staatseinkünften, welcher durch Ausſcheidung der Kirchen⸗

103 1514 1161 60 güter entſtehen würde, durch Steuern decken wollten, das Rettigſche Re

113 1558 1155 62 ſtitutionsedict viel Beifall finden würde. — Die freie Kirche ſchließt mit

104 1611 1164 60 einem prophetiſchen Lehrſtück, der Generalſynode als Darſtellung der äuße⸗

108 1658 1162 63 ren Einheit der proteſtantiſchen Kirche. Dieſe, welche S. 101. unmöglich

102 1709 1164 61 geweſen, wird S. 331. wenigſtens noch weit hinausgeſchoben, da der Vf.

110 1757 1158 60 vermuthet, ſogar die Organiſation einer Landeskirche, wie ſie von ihm ver⸗

105 1804 1169 62 handelt wurde, werde noch fern liegen. Uns ſcheint ſie in der That auch

112 1855 1160 62 ſo fern zu liegen, daß ſie nur mit dem Aufhören aller menſchlichen Kir⸗

111 1918 908 45 chen und aller geſunden Begriffe ins Leben treten kann.

186 1948 1090 67 Zum Schluſſe ſtehe noch eine Charakteriſtik der proteſtantiſchen Kirche

102 1997 1172 67 von dem Verf. hier, welche ihn ſelbſt und den Geiſt des Standpunkts der

106 2045 1170 70 freien Kirche bezeichnend charakteriſirt. S. 274. „Jetzt iſt die proteſtanti⸗

112 2096 1164 66 ſche Kirche eine faulende, ſumpfige Maſſe, auf der die Theologen, gleich

108 2146 1152 67 jenen Waſſerſpinnen, ſich hin und her bewegen und einander verjagen und

106 2194 1164 67 befehden, während das ganze Element, auf dem ſie ſchwimmen, kaum auf
