1365 2457
493 69 412 38 Evangeliſches Kirchenrecht.

1224 80 52 38 21

112 141 1171 50 Ebioniten, Nazaräer). Evangeliſche Stellen in den clementiniſchen Reco⸗

107 193 1168 46 gnitionen. Zweck dieſes Buchs, der jüdiſchen Gnoſis auch unter den Hei⸗

109 241 1168 48 den Eingang zu verſchaffen, daher auch mehr Annäherung an unſre Evan⸗

103 291 1112 46 gelien, vielleicht nach einem umgearbeiteten petriniſchen Evangelium. —

103 338 1126 50 Vierter Abſchnitt, Tatians Diateſſaron — des Evangeliums Juſtins. —

105 390 1168 48 Fünfter Abſchnitt. Ueber das mehrfache Zuſammentreffen des evangeliſchen

107 438 1164 48 Textes in den Anführungen des Clemens von Alexandrien und des Orige⸗

107 486 1164 49 nes mit den Evangelien der Judenchriſten. Unterſuchungen über den co-

105 534 1168 52 dex Cantabr. D. An jene wird nur erinnert, und gezeigt, wie ſie aus

111 582 1158 53 Correcturen von den apokryphiſchen Evangelien entſtehen konnten, in einer

101 632 1174 52 Zeit, wo der Unterſchied zwiſchen dieſen und den kanoniſchen noch nicht

111 681 1156 52 fixirt war. Nachweiſung ſolcher Zuſätze an cod. D., der vollſtändig nach

107 728 1168 53 allen Seiten beſchrieben wird, deſſen innere Beſchaffenheit und Geſtalt

103 778 1168 52 (Aenderungen, welche Kenntniß des Hebräiſchen vorausſetzen; liturgiſche

107 825 1166 53 Randbemerkungen, die auf Judenchriſten hinweiſen) einen judenchriſtlichen

107 875 1168 51 Verfaſſer verlangen und zwar aus der Zeit der Annäherung an die katho⸗

107 923 1164 53 liſche Kirche. — Gründliche Gelehrſamkeit, gewandte und ſcharfſinnige

111 972 1166 50 Combinationsgabe wird dem Verf. Jedermann zugeſtehen, wer auch die

103 1019 1164 54 Reſultate nicht für zweifellos begründet anſehen kann, und glauben möchte,

107 1068 1172 53 erſtere Eigenſchaft hätte ſich in einer compacteren Form dieſes doch vor⸗

103 1117 1176 54 läufig zur wiſſenſchaftlichen Discuſſion vorgelegten Materials ebenſowohl

107 1171 1166 50 zeigen laſſen, und letztere habe nicht immer die Gefahr der Ausgleitung in

112 1212 539 56 minutiöſe Spitzfindigkeit vermieden.

432 1346 504 40 Praktische Theologie.

374 1407 621 39 Evangeliſches Kirchenrecht.

576 1462 218 40 (Fortſetzung.)

137 1511 1134 50 28. Was fordert das Kirchen⸗ und Schulweſen im Königreiche

171 1564 1096 40 Hannover? in einem ehrerbietigen Sendſchreiben an die hohe Stän⸗

173 1605 1094 47 deverſammlung beſcheiden beantwortet von Franz Georg Ferd. Schlä⸗

172 1648 868 45 ger, senior ministerii und past. prim. in Hameln. 1832.

157 1697 1106 58 Der würdige Verf. zeigt die übeln Folgen für Familien⸗ und Bürger⸗

105 1739 1158 65 glück, welche aus dem herrſchenden Verfall der Religion und guten Sit⸗

103 1783 1166 69 ten herrühren, alſo auch die Gefahr für den Staat ſelbſt, wenn dem ein⸗

107 1830 1162 71 reißenden Verderben nicht ein Damm entgegengeſtellt werde. Mit Recht

103 1874 1164 75 rügt er, daß ſich die Kirche von Seiten des Staats und der Landſtände

106 1922 1155 75 nicht der gebührenden Sorge zu erfreuen habe; ferner die mangelhafte Ein⸗

98 1970 1173 76 richtung der Bildungsanſtalten, die ſchlechte armſelige Dotation der Predi⸗

94 2023 1165 71 ger und Lehrer ꝛc. Nicht einverſtanden ſind wir mit den Erwartungen

95 2071 1170 74 des Verf. von einer freien ſelbſtſtändigen Vertretung der Kirche (neben den

95 2122 1164 73 Landſtänden) gegen das Oberconſiſtorium; wohl aber ſcheint uns für ein

98 2173 1161 72 ganz evangeliſches Land gut, daß dieſem ein Biſchof als Cultminiſter vorſtehe.
