1364 2456
197 91 982 55 Allgemeines Repertorium

638 177 92 44 fuͤr

109 231 1131 67 die theologiſche Literatur und kirchliche Statiſtik.

100 343 150 58 16. Juli.

596 373 158 48 № 4.

1171 379 98 41 1833.

419 500 529 52 Exegetische Theologie.

131 548 1132 62 Recentiores de authentia evangelii Matthaei quaestiones recen-

159 595 1108 58 sentur et dijudicantur; simulque exponitur ratio earum quaestionum

159 639 1106 62 apologetica. Commentatio critica theologica — praemio regio ornata.

161 683 1104 63 Scripsit Rudolphus Ernestus Klener Gottingensis. Gottingae, 1832.

160 724 368 52 4. maj. 88 pp. ⅔ rtl.

149 781 1114 67 Einleitung: Ueberſicht der neueren Beſtreitungen, welche ſich gewiſſer⸗

101 821 1161 77 maßen als Reaction gegen die Bretſchneiderſchen Probabilia darſtellen,

93 867 1170 78 und der Vertheidigungen. Nachzutragen wären als theils übergangen

101 918 1164 75 theils neu erſchienen: für die Aechtheit: Paulus Recenſion von Sieffert in

91 966 1166 75 Heidelberg. Jahrbüch. 1832, Juli. Feilmoſers Einleitung in die Schriften

99 1016 1164 74 des N. B.; gegen die Aechtheit: Sieffert über den Urſprung des erſten

97 1064 1166 74 kanoniſchen Evangeliums, 1832; Schneckenburger, Andeutung möglicher

95 1113 1162 74 Zweifel ꝛc., in Beiträgen zur Einleitung ꝛc. 1832. Köhler, in Annalen

103 1162 1160 74 der Theologie. 1832, Heft 2 S. 183, 201. Niemeyer, allgemeine Littera⸗

99 1210 1166 78 turzeitung von Halle 1832, Nr. 57. Schleiermacher, Ueber die Zeugniſſe

99 1257 1164 81 des Papias ꝛc. in Stud. und Kr. 1832. 4. S. 735. Sect. I. Hiſtoriſche

93 1305 1164 80 Unterſuchung: §. 1. Geſchichte des Matthäus. §. 2. Unbeſtimmte Citate

99 1353 1158 80 aus Matthäus. §. 3. Ausdrückliche Berichte über ein Evangelium Mat⸗

89 1399 1164 83 thäi von Papias bis Hieronymus. §. 4. Tradition von der Urſprache.

91 1447 1164 84 §. 5. Prüfung derſelben, Hebraismen? §. 6. Ueberſetzungsfehler? §. 7.

99 1496 1150 82 Gebrauch des A. T. im Grundtext? §. 8. Gründe, welche für einen grie⸗

89 1542 1154 86 chiſchen Urtext angeführt werden, und zwar zur Widerlegung der Tradition,

87 1591 1166 86 welche jedoch feſtſteht. §. 9. Keine Spur von Tradition für ein griechi⸗

88 1640 1161 88 ſches Original. §. 10. Schluß: da nach der Tradition Matthäus hebräiſch

87 1690 1162 88 geſchrieben hat, unſer Evangelium aber ein griechiſches Original iſt, ſo kann

89 1736 1160 90 es nicht unmittelbar vom Apoſtel herrühren. Die Gründe für die griechi⸗

87 1784 1166 89 ſche Originalität: Einheit des Ausdrucks und der Wendungen mit den 2

91 1829 1158 94 andern Evangelien, Abhängigkeit von der alexandriniſchen Verſion, griechi⸗

97 1878 1150 92 ſcher Charakter, Wortſpiele — hätten weiter ausgeführt werden ſollen.

95 1922 1152 97 Sie können überzeugend gemacht werden, ſind es aber noch nicht, ſ. Sief⸗

93 1970 1162 96 fert. S. 43 ff. §. 11. Widerlegung der Anſicht von Guerike, als ob

84 2018 1169 97 Matthäus ſelbſt ſein Evangelium ſpäter griechiſch überſetzt und überarbeitet

91 2071 1154 94 habe, ſo wie der Olshauſenſchen Modification, daß hierbei Matthäus ſich

79 2117 1176 98 nach dem beſſer griechiſch ſchreibenden Lucas gerichtet habe. §. 12. Ueber

85 2167 1167 101 die Landesſprache in Paläſtina. Dieſe war, mit Ausnahme einiger Städte,

112 2215 110 55 II. Bd.

1010 2249 44 50 4
