1346 2449
437 65 480 41 Neue Auflagen theol. Schriften.

1209 70 60 40 63

93 144 1173 45 ſeiner Oberfläche eine leichte Erſchütterung erleidet. Bisweilen greift von

101 194 1165 44 Außen her ein gewaltſamer Neptun ein, und erregt Aufruhr in dem

90 243 1172 44 Pfuhle. An ihn klammern ſich dann dieſe leichten Inſecten an, die Wahr⸗

97 291 1167 45 heitliebenden verkriechen ſich ſchweigend. Weithin dringt der faulichte (ige)

101 341 1162 43 Geruch, aber nach kurzer Friſt tritt die alte Trägheit wieder ein, weil

89 388 1172 45 kein bewegendes inneres Leben die ſchmutzige Maſſe durchdringt.“ —

93 440 1172 42 Rettig und Börne ſind die wahren restitutores orbis in Kirche und

98 481 167 49 Staat. —

525 547 301 41 (Fortſetzung folgt.)

258 659 844 39 Neue Auflagen theologiſcher Schriften.

121 718 1146 44 Das Buch Hiob. Ueberſetzung und Auslegung nebſt Einleitung über

161 768 1106 38 Geiſt, Form und Verfaſſer des Buches, von Dr. Friedrich Wilhelm Carl

161 811 1108 39 Umbreit, ordentlichem Profeſſor der Theologie an der Univerſität zu

165 857 1108 37 Heidelberg. Zweite verbeſſerte und vermehrte Auflage. Heidelberg, bei

161 899 782 40 J. C. B. Mohr. 1832. gr. 8. 448 S. 2⅓ rtl.

157 955 1110 39 Das Verdienſt des Herrn Dr. Umbreit um die Auslegung des erha⸗

97 994 1172 50 benſten Dichterwerkes des hebräiſchen Alterthumes iſt bekannt, und es

97 1041 1170 52 macht Ref. ein beſonderes Vergnügen, die nach ſo wenigen Jahren er⸗

95 1089 1170 53 folgte zweite Auflage ſeines Commentars anzuzeigen, inſofern darin ein

99 1137 1170 54 erfreulicher Beweis von dem eifrigen Studium unſeres Buches ſich aus⸗

93 1185 1170 57 ſpricht. Die Anſichten des Verf. über Geiſt, Form und Zeitalter des

103 1234 1164 58 Buches Hiob ſind die nämlichen geblieben und alſo als bekannt vorauszu⸗

105 1284 1168 57 ſetzen. Auch ſeine Auslegung hat im Ganzen nur unbedeutende Fortſchritte

95 1331 1180 60 gemacht, indem Herr Dr. Umbreit die Meinung hegt, daß es mehr ſeine

99 1380 1176 58 Pflicht ſey, die bereits gegebenen Erklärungen feſter zu begründen, als

105 1428 1160 59 neue zu ſuchen, eine Anſicht, welche Recenſent aus dem Grunde nicht

95 1472 1170 64 theilen kann, weil er ſich in dieſem Falle zu der verdrüßlichen Reſignation

105 1521 1160 62 verſtehen müßte, auf den urſprünglichen Sinn ſo mancher Stelle zu ver⸗

95 1569 1168 64 zichten. Daß hiermit nicht zu viel geſagt iſt, beweiſt die Ueberſetzung vie⸗

101 1617 1162 66 ler Stellen, bei welchen man nicht weiß, was von Beidem man für dunke⸗

103 1665 1166 70 ler halten ſoll, den Text oder die Ueberſetzung. Man vergleiche zur Be⸗

99 1712 1136 75 ſtätigung, ſtatt aller andern Stellen, die Ueberſetzung von Cap. 12, 5.:

213 1786 928 55 So iſt verächtlich nun die Fackel jenem, der ſich ſicher weiß,

207 1830 793 50 Da ſie geſchickt doch war, den irren Fuß zu leiten.

173 1879 1094 57 So viel Recenſent vom Hiob verſteht, ſo iſt in der Ueberſetzung die⸗

102 1909 1157 78 ſer Stelle faſt kein Wort richtig. Wo aber ſolche Fälle vorkommen, da

104 1953 869 82 hat die Auslegung wahrhaftig das Ihrige noch zu thun.

129 2028 1140 70 Commentar zum Evangelio Johannis von Dr. A. Tholuck. Vierte ver⸗

161 2080 1109 66 beſſerte Aufl. Hamburg, bei Perthes. 1833. gr. 8. 368 S. 1½ rtl.

151 2136 1115 67 Der Herr Verf. hatte ſchon in der dritten Aufl. (1831) die ἀκρίβεια,

93 2171 1178 78 deren Nothwendigkeit bei Auslegung der heiligen Schriften er immer mehr
