1360 2446
465 59 408 39 Evangeliſches Kirchenrecht.

63 69 94 41 200

76 136 1180 46 erlauben wir uns noch, einige Schriften ihm namhaft zu machen, die der

76 193 752 38 Aufnahme nicht unwerth geweſen ſeyn dürften:

152 232 1106 49 1) Das Bekenntniß des Glaubens. Bei der Jubelfeier der

75 283 1189 45 Uebergabe der Augsb. Confeſſion, 25. Juni 1830, in der Königl. Hof⸗

72 337 1180 39 und Domkirche zu Berlin gehalten von Dr. Fr. Theremin (einzeln ge⸗

80 388 990 38 druckt und in der Sammlung: „Zeugniſſe von Chriſto.“) 8.

78 433 1176 44 2) De rationibus, quibus catholicae etiam non mi-

75 481 1181 43 nus quam evangelicae ecclesiae membra memoriam ob-

80 529 1172 46 latae Augustanae Confessionis aequa laetaque mente

78 579 1178 44 recolere possint. Programm zur Säcularfeier der Univerſität Tü⸗

76 636 1042 35 bingen, von Prof. Dr. J. C. Steudel. Tubing. 1830. 4. —

157 675 1099 46 3) De modestia, pracipua Evangel. Confessoris vir-

76 727 1182 42 tute, oratio in sec. memor. August. Confessionis Imperat. et Im-

72 778 1192 42 perio exhibitae, d. 25. Juni 1830, habita ab I. C. L. Gieseler,

79 831 663 38 Prof. Theol. p. O. Bonnae 1830. 4.

419 968 498 40 Praktische Theologie.

247 1030 844 38 Evangeliſches-Kirchenrecht

590 1082 148 38 Baiern.

587 1136 171 41 (Schluß.)

108 1185 1152 45 Einige Bemerkungen über Kirchenordnung und Gottesdienſt⸗

148 1230 1108 45 ordnung, veranlaßt durch die in dieſer Beziehung den proteſtantiſchen

148 1275 1102 43 Geiſtlichen Bayerns dießſeits des Rheins zur Begutachtung mitgetheilten

150 1320 1100 43 Entwürfe. Von Dr. Adam Theod. Alb. Franz Lehmus, Decan und

148 1363 1112 47 Stadtpfarrer an der St. Johannis⸗Kirche zu Ansbach. Nürnberg bei

147 1420 334 33 Raw. 1833. S. 80.

152 1462 1102 50 Den erſten Theil über Kirchenordnung (welcher nichts bloß auf

74 1511 1188 51 Baiern Bezügliches enthält) für eine andere Gelegenheit zurücklegend, be⸗

86 1560 1166 53 merken wir, daß die Kritik der Gottesdienſtordnung aus einem glaubens⸗

80 1605 1184 57 vollen, für das Evangelium begeiſterten Herzen hervorging, und neben ei⸗

78 1658 1174 52 ner gut durchgeführten Widerlegung des Verlangens nach unbedingter

75 1707 1185 51 Lehrfreiheit, dem Feldgeſchrei der inneren Widerſacher der Kirche, deren

84 1754 1170 53 der Verfaſſer in Baiern viele vorauszuſetzen ſcheint, eine beſonnene und

80 1803 1174 54 billige Aufzeigung der Mängel des wohlgemeinten Entwurfs darbietet.

85 1850 1171 57 Unbeſtimmtheit der Begriffe ſoll ſich zeigen 1) in der ganzen Anlage der

84 1902 1170 57 Arbeit, die Ungehöriges in ſich aufnimmt, und das hierher Gehörige nicht

83 1948 1177 60 gehörig eintheilt, 2) in den Aeußerungen, die über einzelne kirchliche Hand⸗

86 1998 1168 59 lungen vorkommen, und 3) in der ganzen Ausdrucksweiſe. Die Beweiſe

90 2041 1178 69 ſind meiſt ſchlagend. Was der Verfaſſer gegen den §. 20. „Anerkannt

78 2097 1176 62 ausgezeichneten Predigern in Städten wird geſtattet, einen ganzen Jahr⸗

78 2142 1180 67 gang ſelbſtgewählter Texte zum Grunde zu legen,“ geltend macht, wird

84 2195 1170 64 allgemeine Einſtimmung auch bei denen finden, welche ſeinen Vorſchlag,
