1382 2448
193 113 967 51 Allgemeines Repertorium

633 193 90 43 fuͤr

101 254 1128 61 die theologiſche Literatur und kirchliche Statiſtik.

76 364 202 62 26. Septbr.

578 390 192 46 № 18.

1178 393 84 41 1833.

418 512 536 46 Exegetische Theologie.

121 565 1138 51 Joannis Calvini in Novum Testamentum Commentarii ad editionem Amste-

153 612 1111 49 lodamensem accuratissime exscribi curavi et praefatus est A. Tholuck.

153 656 1101 52 VIl Voll. Berolini, Eichler. MDCCCXXXIII. III u. IV B. 2¼ rtl.,

146 701 214 39 Velinp. 3 rtl.

137 757 1121 49 Der Herr Conſiſtorialrath Dr. Tholuck, der es ſich in ſeinen Commen⸗

83 799 1178 58 taren beſonders hat angelegen ſeyn laſſen, die Anerkennung des Werthes äl⸗

81 848 1174 59 terer Exegeten in neuerer Zeit, durch Mittheilung vorzüglicher Stellen

85 898 1170 57 aus ihren Schriften, zu verbreiten, hat auch das Verdienſt, die vollſtändi⸗

85 950 1170 53 gen Werke eines der Größeſten unter denſelben dem theologiſchen Publi⸗

89 997 1168 56 kum leichter zugänglich gemacht zu haben. Wir ſind ihm hierfür nicht

79 1045 1176 56 weniger Dank ſchuldig; denn wenn bei jener Einſtreuung von Blüthen der

87 1094 1172 58 älteren Auslegung in die neueren Commentare der Uebelſtand nicht wohl

85 1143 1174 59 vermieden werden kann, daß die ungeſtörte Vertiefung in das Buch, deſſen

85 1192 1169 59 Verſtändniß der Commentar aufſchließen ſoll, gehindert, und dabei doch

83 1242 1173 60 dem Intereſſe an der Geſchichte der Schriftauslegung nicht vollſtändig ge⸗

81 1289 1174 62 nügt wird, da jene Mittheilungen, je mehr ſie darauf angelegt ſind, der

89 1340 1167 60 Gegenwart und dem nächſten Zweck des Commentators förderlich zu ſeyn,

85 1388 1168 61 um ſo mehr gewöhnlich Gefahr laufen, in dieſer anderen Rückſicht einſeitig

89 1438 1162 58 zu werden, — ſo erſcheint die Wiederauflegung der claſſiſchen Commen⸗

85 1485 1164 60 tare der Vorzeit ſelbſt, für die Förderung eines fruchtbaren exegetiſchen

85 1534 1162 59 Studiums, im Allgemeinen erwünſchter, als die Berückſichtigung aller, auch

83 1581 1172 62 unbedeutender Ausleger der alten und neuen Zeit, durch welche exegeti⸗

81 1631 1174 63 ſche Werke jetzt immer mehr angeſchwellt zu werden pflegen. Wer aber

87 1680 1164 64 verdiente es wohl mehr, der Gegenwart wieder vorgeführt zu werden, als

85 1729 1174 64 die Reformatoren? War es die Wirkung der Schrift auf ihren Geiſt und

87 1778 1164 65 ihr Gemüth, welche die Bildung der evang. Kirche zu Folge hatte, ſo

89 1827 1170 64 iſt es Pflicht für diejenigen, welche an der Fortbildung derſelben zu ar⸗

83 1874 1168 67 beiten berufen ſind, ſich vertraut zu machen mit der Art, wie Jene ihr

87 1926 1170 63 Werk aus der Schrift gründeten und förderten. Wohl ſind Einige ge⸗

95 1977 1158 57 neigt, zu fürchten, daß Mancher wünſche, durch ſolches Studium die Gei⸗

85 2021 1168 64 ſter, von der Eigenthümlichkeit jener Männer überwältigt, in ihrer Thätig⸗

85 2069 1168 67 keit für die Kirche eine rückgängige Richtung nehmen zu ſehen. Solcher

85 2116 1170 70 Gefahr aber, daß die freiere Schriftforſchung unter der Autorität der Re⸗

85 2166 1170 71 formatoren gefangen genommen und die Fortſchritte der Zeit gehemmt

85 2214 1168 73 werden, werden die Exegeten zu ihrem eigenen und der Kirche Heil am

110 2259 110 57 Il. Bd.

1002 2290 51 39 18
