1342 2454
588 72 167 37 Miscellen.

80 87 60 34 48

78 146 1186 48 Travancore machte dieſem traurigen Zuſtande der Dinge ein Ende. Mar

80 190 1172 49 Thomas regierte unter dem Namen Mar Dionyſius die Thomaschriſten bis

76 234 1184 48 1797. Einige Jahre ſpäter erregte die Geſchichte und die Angelegenheit die⸗

86 281 1168 45 ſer Sekte die Aufmerkſamkeit der engliſchen Behörden in Travancore; ſeit

82 326 1174 45 dieſer Zeit hat ſich ihre Lage bedeutend gebeſſert. In Cottayam iſt für ihre

77 370 1177 46 Jugend ein eigenes Gymnaſium, bei welchem engliſche Miſſionarien unterrich⸗

86 415 1166 47 ten, geſtiftet worden, und I. Hoheit, die Rani von Travancore, hat der An⸗

81 460 1169 46 ſtalt 20000 Rupien und eine Strecke Lanb mit 100 Sklaven dazu, zum Ge⸗

86 505 1166 48 ſchenk gemacht. — Die Thomaschriſten theilen ſich noch immer in die ihren

82 553 1168 45 urſprünglichen Glaubensſätzen anhangenden (ſyr. Chriſten von Malayala)

80 597 1174 47 und die, welche die Beſtimmungen des röm. Stuhls angenommen (ſyvo⸗röm.

74 640 1180 49 Katholiken). Jene beſitzen 57 Kirchen oder Gemeinden, mit etwa 70000

74 687 1176 47 Seelen. Dieſe 97 Kirchen, mit etwa 90000 Seelen. Als Folge des frühe⸗

78 730 1178 49 ren Einfluſſes der röm. Geiſtlichkeit bemerkt man noch viele Spuren einer

85 776 1173 45 Verwandtſchaft der Meinungen und Gebräuche jener erſten Parthei mit der

82 820 1172 49 zweiten (ſie laſſen die Seelenmeſſen, das heil. Oel, 7 Sacramente, Ohren⸗

82 866 1176 47 beichte ꝛc. zu). Ref. hofft auf eine Union beider, ſo daß jene nämlich an

82 910 1176 48 dieſe ſich anſchließen. Als Unterthanen und Bürger iſt die Aufführung jener

80 965 823 40 erſten weit untadelhafter, als die der ſyro⸗römiſchen.

156 1006 1104 51 Bekanntlich ſchrieb der herzogl. Braunſchw. Conſiſtorialpräſident Hur⸗

82 1054 1174 48 lebuſch die Schrift: „Bemühungen der Jeſuiten, einen ſiebenzehnjährigen

84 1092 1169 56 Knaben zum Uebertritt in die ſogenannte allein ſeligmachende Kirche und zur

86 1141 1174 51 Ermordung ſeines Religionslehrers zu führen, ſammt kurzer Nachricht vom

83 1188 1171 50 Jeſuitenorden. Göttingen 1831.“ Er wurde deßhalb von dem praeses Col-

77 1232 1181 51 legii Josephini Hrn. Vicar Lüsken zu Hildesheim und Herrn Paſtor Beck

83 1279 1177 49 zu Wien belangt, und von den H. Gerichten verurtheilt, wegen der in dieſer

84 1323 1170 50 Schrift vorkommenden, eine Verunglimpfung der Ehre und des guten Na⸗

87 1368 1175 51 menz enthaltenden Stellen, jedem Kläger eine ſchriftliche Abbitte zu leiſten

85 1428 512 35 und eine Geldſtrafe zu entrichten.

150 1464 1114 55 Der Kaiſer von Oeſterreich hat das Kloſter Praglia bei Padua den

88 1510 1170 55 Benedictinern wieder eingeräumt, und alle ihnen zugehörige, noch nicht ver⸗

90 1557 1164 52 äußerte Güter reſtituirt. Der Biſchof von Padua, Herr Farina, hat allen

82 1603 1174 51 Ordensangehörigen des Lombardiſch⸗Venetianiſchen Königreichs dieß angezeigt,

84 1647 1170 54 und mit wenigen Ausnahmen ſind alle dem Anerbieten gefolgt, ſo wie auch

88 1707 635 39 noch andere um Aufnahme gebeten haben.

1109 1694 116 44 (Sion.)

145 1743 1113 57 In der Sitzung der königl. Akademie der Wiſſenſchaften zu Berlin las

80 1790 1178 56 am 6. Junius Herr Eichhorn eine Abhandlung über die ächte Iſidoriſche

85 1852 644 37 Sammlung der Quellen des Kirchenrechts.

149 1876 1112 66 Die Collecte für die Cholera⸗Waiſen während des Jubiläums zu Paris

89 1951 677 39 hat die Summe von 40000 Francs erreicht.

991 1934 247 48 (Ami d. I. rel.)

526 2050 301 38 Druckfehler.

163 2110 603 37 Seite 16. Zeil. 9 v. u. ſtatt ng. I. reg.

259 2151 660 41 ⸗ 16. ⸗ 7 v. u. ⸗ Capitols I. Capitels.

118 2238 455 45 Redacteur: Prof. Dr. Rheinwald.

912 2217 327 54 Verleger: F. A. Herbig.
