1346 2449
203 100 995 49 Allgemeines Repertorium

654 181 92 44 fuͤr

121 243 1137 56 die theologiſche Literatur und kirchliche Statiſtik.

102 354 155 61 21. Juli.

1200 377 85 42 1833.

612 379 168 44 № 5.

428 508 536 50 Exegetische Theologie.

137 571 1148 51 Das Neue Teſtament nach der deutſchen Ueberſetzung Dr. Martin Luthers.

175 617 1119 49 Mit Anmerkungen, Einleitungen, einer Harmonie der vier Evangelien,

177 663 1110 46 einem Aufſatze über Paläſtina und ſeine Bewohner, einer Zeittafel über

179 708 1112 47 die Apoſtelgeſchichte, und einem ausführlichen Sachregiſter verſehen. Zum

177 751 1108 47 Gebrauch für alle Freunde des göttlichen Wortes, inſonderheit für Leh⸗

169 795 1116 50 rer in Kirchen und Schulen, bearbeitet von Friedr. Guſtav Lisco, Pre⸗

175 840 1111 49 diger an der St. Gertraud⸗Kirche in Berlin. Berlin 1833. Enslinſche

177 886 1112 49 Buchhandlung. 1ſte bis 3te Lieferung. (Evangelien.) à Liefrg. 7½ ſgr.

167 940 1116 50 Das Bedürfniß eines bündigen, populären, nicht bloß aſcetiſche An⸗

107 980 1172 59 merkungen gebenden Commentars über das N. T. iſt trotz dem, was

111 1028 1172 62 durch die in neuerer Zeit erſchienenen Schullehrerbibeln geleiſtet iſt,

105 1076 1174 60 nicht zu läugnen. Herr Prediger Lisco, durch praktiſch⸗exegetiſche Ar⸗

107 1123 1174 65 beiten ſchon bekannt, hat dieſem Bedürfniſſe abzuhelfen unternommen.

107 1174 1172 64 Er hat, da zu einem gründlichen Verſtändniß das Auffaſſen und Er⸗

105 1222 1182 66 klären der einzelnen Ausſprüche und Verſe des göttlichen Wortes

105 1270 1172 68 nicht hinreichend iſt, bei ſeiner Arbeit ſich die Aufgabe geſtellt, den inne⸗

111 1320 1174 67 ren Zuſammenhang des Einzelnen darzulegen und die Gedanken⸗

109 1367 1170 67 verbindung nachzuweiſen, was freilich bei den Reden des Herrn und

107 1414 1180 69 bei den Briefen der Apoſtel beſonders wichtig iſt. Und in dieſem iſt da⸗

109 1463 1178 68 her Herr Prediger Lisco vorzugsweiſe bemüht geweſen, überall

111 1510 1166 70 den Hauptgedanken aufzufinden, ihn mit wenigen Worten an⸗

105 1559 1176 71 zugeben, und zu zeigen, mit welchen Beweiſen die Lehren, mit

103 1606 1174 75 welchen Beweggründen die Ermahnungen unterſtützt ſind, und

105 1654 1174 77 wie ſich überhaupt die Theile zu dem Ganzen verhalten. Da⸗

107 1702 1168 79 bei ſoll ſeine Arbeit auf demſelben Glaubensgrunde ruhen, wie

101 1749 1174 80 die Hirſchberger Bibel, welche von den frommen Geiſtlichen Lieblich

107 1798 1174 81 und Burg nach der Mitte des vorigen Jahrhunderts herausgegeben wurde,

109 1844 1168 82 und, was die äußere Einrichtung des Drucks betrifft, die Erklärungen

105 1891 1168 83 ſollen den Text nicht unterbrechen, ſondern unter demſelben

109 1937 106 49 ſtehen.

185 2001 1096 72 Wer möchte ein ſolches Unternehmen nicht dankbar anerkennen, zu⸗

97 2032 1178 90 mal daſſelbe theils an ſich, theils wegen des großen verſchiedenartigen Krei⸗

99 2082 1192 91 ſes von Leſern, dem es Herr Prediger Lisco beſtimmt, viele Schwierigkei⸗

95 2132 1188 89 ten hat. Doch eben weil das Werk, dem ſich Herr Prediger Lisco un⸗

101 2186 1178 85 terzog, ein ſchwieriges iſt, wäre vielleicht zu wünſchen geweſen, er hätte

130 2233 106 50 II. Bd.

1040 2256 48 51 5
