2217 3130
84 71 77 38 599

632 72 969 36 Nr. 18 — Theologiſches Literaturblatt — 1866.

2088 71 69 34 600

86 167 999 37 Ueberſetzern) und Stücke einer wörtlichen lateiniſchen Ueberſetzung

89 214 997 35 des griech. Textes (nicht der Itala) und aus der Vulgata. Letz⸗

83 256 1003 35 tere wird Vercellone in ſeiner Variantenſammlung mittheilen.

92 301 988 33 P. Cozza will die Handſchrift herausgeben. — Vercellone ſchließt

93 345 990 31 ſeine intereſſante Abhandlung mit der Klage: „Unſer Italien,

80 387 1000 33 welches an literariſchen Denkmälern reicher iſt, als irgend ein

87 430 1005 33 anderes Land der Welt, kann jetzt von den Fremden lernen, wie

89 474 990 31 wichtig es ſei, der Wiſſenſchaft die Schätze zu ſichern, die ihm

80 514 1008 36 von vergangenen Zeiten vererbt worden ſind. Es iſt freilich

89 559 991 33 ſchon vieles geſchehen; aber ich glaube, es bleibt noch ſehr viel

77 603 1008 31 zu thun übrig. Die Bibliotheken Italiens und namentlich Roms

93 646 990 32 ſind ſehr reiche Fundgruben, welche der Wiſſenſchaft unermeß⸗

74 689 1015 31 liche Schätze liefern können. Aber nur zu ſpärlich iſt die Zahl

74 732 1014 31 derjenigen, welche ſich damit eigens beſchäftigen, und noch ſpär⸗

90 774 986 34 licher die Aufmunterung, welche dieſen Wenigen zu Theil wird.

90 817 993 33 Die berühmte Vaticaniſche Handſchrift erwartet von uns noch

1148 172 996 32 immer das Loos, welches andere Nationen der Sinaitiſchen, der

1148 214 999 33 Alexandriniſchen und ſo vielen andern Handſchriften von gerin⸗

1152 258 993 33 germ Werthe bereitet haben. Die Amiatiniſche Handſchrift zu

1161 301 984 33 Florenz, die älteſte lateiniſche Bibel (Vulgata), welche exiſtirt,

1155 343 995 33 iſt zum Theil ſchon veröffentlicht worden und wird in Kurzem

1155 387 998 31 vollſtändig veröffentlicht werden, aber von Fremden und außer⸗

1148 428 1012 34 halb unſeres Landes.” — Von dem Codex VII aus dem 5.

1151 471 1003 34 Jahrh., der Stücke des Pent. und Joſ. enthält, gibt jetzt

1142 515 1002 35 Ceriani zu Mailand einen genauen Abdruck heraus ¹). Nach

1164 558 993 36 Zeitungsnachrichten wäre in Rom endlich auch ein genauer Ab⸗

1151 603 804 34 druck des Codex Vaticanus in Ausſicht genommen.

1175 662 975 35 Correſpondenz der Redaction. Nro. 106: Dankend erhalten.

1181 745 979 35 1) in den Monumenta sacra et profana; tom. 3, fasc. 1 u. 2

1143 783 1008 34 (Mailand 1864. 66) enthalten Gen. 31, 15 bis Lev. 19, 19, mit man⸗

1145 819 195 34 chen Lücken.

897 903 454 37 Anzeigen.

170 960 1782 37 In der Herder’schen Verlagshandlung in Freiburg iſt ſoeben erſchienen und durch alle Buchhandlungen zu beziehen:

84 1019 2058 70 Bibel und Natur. Vorleſungen über die moſaiſche Urgeſchichte und ihr Verhältniß zu

902 1071 1246 39 den Ergebniſſen der Naturforſchung. Von Dr. F. Heinrich Reuſch.

389 1113 1471 34 Zweite, umgearbeitete Auflage. 8⁰. (XII u. 496 S.) Preis: Thl. 1. 20 Sgr. — fl 2. 48 kr.

125 1150 2016 33 Der „Literariſche Handweiſer” 1866 Nr. 46 ſagt: Bei unſerer früheren Anzeige ſetzten wir das Hauptverdienſt des Buches darein,

71 1186 2077 33 „daß es auf den Schultern ſeiner ſämmtlichen Vorgänger ſteht, dieſelben durch einſichtige, ſorgfältige und überaus fleißige Benutzung des

74 1221 2073 34 Beſten, was Exegeſe und Naturwiſſenſchaft in unſerer Frage Neues zu Tage gefördert, überholt, und ſo mit genügender Vollſtändigkeit die

71 1257 2079 34 Reſultate eigener wie fremder Studien in klarer und gefälliger Darſtellung allen Gebildeten zugänglich macht.” Dieſes Verdienſt gebührt

62 1294 2082 36 in noch höherem Grade der 2. Auflage, weil das Buch für dieſelbe theils „mit Rückſicht auf neu erſchienene oder dem Verfaſſer erſt in

74 1330 2070 36 den letzten Jahren bekannt gewordene Schriften”, theils „auf Grund eigener, namentlich exegetiſcher Studien . . . nicht bloß durchgeſehen,

71 1366 2073 36 verbeſſert und vermehrt, ſondern wirklich umgearbeitet” wurde. Dazu kommen durchgreifende formelle Aenderungen, die wir nicht anſtehen

74 1402 2064 38 für Verbeſſerungen zu erklären. So iſt das Buch wiederum neu geworden und dieß in einer Weiſe, welche es unter allen gleichartigen

64 1421 864 51 für den gebildeten Laien zu dem brauchbarſten geſtaltet.”

113 1494 975 33 In J. & W. Boifferée’s Buchhandlung in Cöln iſt erſchienen und

68 1530 582 31 durch alle Buchhandlungen zu beziehen:

80 1578 1000 60 Hoſanna dem Sohne Davids. Ein Kranz bibliſcher

764 1612 309 33 Geſänge aus dem Le⸗

68 1650 1006 33 ben unſeres Herrn und Heilandes. Von Theophil. 16⁰. 157 S.

65 1687 952 33 Geh. 20 Sgr.; in elegantem Leinenbande mit Goldſchn. 1 Thlr.

110 1735 973 35 Die in dieſen Geſängen verſuchte Behandlung bibliſcher Stoffe iſt

68 1773 1005 34 einzig in ihrer Art. Anknüpfend an die Evangelien werden die

66 1809 1010 34 Wunder des Herrn in höchſt lebendiger poetiſcher Sprache behandelt.

99 1845 978 37 Wegen ſeines Inhaltes, der Lebhaftigkeit der Darſtellung, des

71 1882 1009 36 Schwunges der Sprache ſowie der prächtigen Ausſtattung iſt das

62 1918 1011 36 Büchlein ganz empfehlenswerth als Geſchenk bei frommen Anläſſen

68 1954 826 38 und bei Preisvertheilungen in Schulen und Penſionaten.

90 2037 960 45 Gold, Weihrauch und Myrrhen.

183 2091 777 39 Ein vollſtändiges Gebet⸗ und Erbauungsbuch

386 2134 388 36 für katholiſche Chriſten.

266 2170 628 39 Von J. Münch, Oberpfarrer in Leſſenich.

65 2209 1003 36 3. Aufl. XIV u. 464 S. kl. 8. Mit Stahlſtich und geſtochenem Titel.

483 2244 189 34 Geh. 20 Sgr.

90 2280 978 37 Dieſes in echt kirchlichem Geiſte verfaßte und preiswürdig aus⸗

69 2319 998 36 geſtattete Gebetbuch zeichnet ſich vor vielen durch ſeine Reichhaltigkeit

62 2353 799 33 aus, wie aus nachſtehender Eintheilung erſichtlich iſt:

105 2388 965 37 Morgenandacht. Abendandacht. Tägliche Gebete. 8 verſch. Meß⸗

63 2425 1005 35 andachten. Beichtgebete. Communion⸗ und Ablaßgebete. Gebete zum

60 2463 1014 33 h. Altarsſakramente. Andachten für die 7 Wochentage. Woche der

68 2499 1006 33 Betrachtung. Andachten für die Zeiten des Kirchenjahres. Andachten

59 2535 1008 34 zur allerſel. Jungfrau Maria. Gebete zu den Heiligen. Verſchiedene

65 2569 999 36 Gebete. Vorbereitung zum Tode. Gebete für die Abgeſtorbenen.

66 2605 993 36 Vesper und Complet. Todesangſtbruderschaft. Bruderſchaft von Je⸗

62 2644 1003 35 ſus, Maria, Joſeph. Freitäg. Faſtenandacht. 54 lateiniſche u. deutſche

68 2680 462 33 Kirchenlieder. 9 Litaneien u. ſ w.

86 2769 949 34 Orgelbegleitung zur Missa defunctorum

194 2820 738 34 nach cölnischem und römischem Ritus.

68 2854 990 38 Von Fr. Koenen, Dirigent des Domchores u. Gesanglehrer

284 2895 612 34 im Erzb. Priester-Seminar zu Cöln.

347 2934 435 34 gr. Hoch.-Quart. 22½. Sgr.

1176 1493 965 38 In der Fr. Lintz’ſchen Buchhandlung zu Trier erſchien und iſt

1142 1528 592 36 durch alle Buchhandlungen zu beziehen:

1148 1581 993 60 Betrachtungen für Prieſter oder der Prieſter

1893 1611 270 39 geheiligt durch die

1184 1650 967 33 Uebung des betrachtenden Gebetes, von P. Chaignon, S. J. Mit

1172 1686 973 36 Autoriſation des Verfaſſers aus dem Franzöſiſchen überſetzt von

1173 1722 185 34 H. Lenarz.

1239 1766 819 37 In 5 Bänden. 1. Band 2te Auflage à Thl. 1. 5 Sgr.

1169 1812 981 37 Die erſte Auflage des Originals erſchien 1858 in 6000 Exempl.;

1148 1849 997 36 1859 war ſchon eine neue Auflage von 7000 Exempl. nothwendig.

1178 1921 973 36 Im Verlage der Expedition des Münchener Sonntagsblattes in

1142 1957 264 33 München erſcheint:

1371 2021 546 38 St. Joſephsblatt,

1139 2082 1008 39 illuſtrirte Monatsſchrift für Unterhaltung und Belehrung

1457 2127 367 34 des chriſtlichen Volkes.

1172 2176 966 36 Dieſes echt volksthümliche Blatt hat ſeit ſeinem Beſtehen eine ſtets

1145 2214 1003 34 wachſende Theilnahme in ganz Deutſchland gefunden und iſt insbe⸗

1142 2250 993 36 ſondere auch eine Lieblingslektüre der Schuljugend geworden. Es er⸗

1140 2286 995 36 ſcheint monatlich in einem ſauber gedruckten Oktavbogen mit zahl⸗

1139 2322 997 37 reichen Holzſchnitten (die bisher erſchienenen 8 Nummern des heuri⸗

1137 2358 998 37 gen Jahrgangs enthalten deren bereits 33) Der ganze Jahrgang

1139 2394 1005 36 koſtet bei der Poſt und in den Buchhandlungen nur 15 kr. = 5 Sgr. und

1140 2430 1002 37 kann jederzeit beſtellt und vollſtändig bezogen werden. Die Jahr⸗

1140 2467 741 36 gänge 1864 und 1865 ſind à 4 Sgr. zu beziehen.

1239 2571 786 39 Münchener Sonntagsblatt,

1160 2622 961 42 illuſtrirtes Volksblatt für Unterhaltung und Belehrung,

1496 2670 280 36 von Dr. L. Lang,

1124 2718 1017 37 erſcheint wöchentlich in einem elegant gedruckten Quartbogen mit

1133 2754 1011 37 einer Beilage und enthält neben zahlreichen Illuſtrationen Erzäh⸗

1136 2791 996 39 lungen, geſchichtliche Aufſätze aller Art, Porträts lebender Katholiken

1124 2827 1011 39 u. ſ. w., die Beilage zahlreiche Mittheilungen aus dem katholiſchen

1127 2863 1005 39 Leben der Gegenwart. Es kann pro Quartal mit 9 Sgr. in jeder

1136 2899 1005 39 Buchhandlung, mit 12½ Sgr. bei jeder Poſt beſtellt und vollſtändig

1131 2934 216 34 bezogen werden.

213 2981 1775 47 Verantw. Redacteur Prof. Reuſch. — Verlag von A. Henry in Bonn. — Druck von Carl Georgi in Bonn.
