2203 3055
77 69 63 37 831

626 68 976 41 Nr. 25 — Theologiſches Literaturblatt — 1866.

2076 77 63 34 832

77 162 1002 37 ſorgt. — No. 53: Erhalten; ich ſchreibe. — No. 80: E. war ſchon

81 201 987 34 beſtellt und wird Ihnen geſchickt werden. — No. 125: Dankend er⸗

77 237 990 34 halten; A. hat ein Anderer übernommen. — No. 149: Brief er⸗

81 273 992 34 halten; Pf. 120, 8. — No. 184: Die Nummer und eine Broſchüre

76 311 1004 34 abgeſchickt; das Buch von R. iſt beſtellt; die Berichtigung am

86 348 351 31 Schluſſe des Jahrgangs.

126 413 909 34 Antwort auf die Anfrage des Herrn Prof. Kerſchbaumer

495 458 156 34 in Nro. 23.

107 519 961 34 Das handſchriftliche Werk, „chronologiſch⸗diplomatiſche Geſchichte

68 558 999 31 des Frauenkloſters auf dem Marienberge bei Boppard von P. Con⸗

81 594 987 31 rad d’Hame” iſt, nach Maßgabe ſeiner Wichtigkeit, von dem Unter⸗

72 630 1010 31 zeichneten bereits in ſeiner „Geſchichte des Erzſtifts Trier” (II. Abth.)

71 667 996 33 1. Band, S. 223. 473 ff. 498—510) benutzt worden. Die Abſchrift,

68 705 1011 31 welche Herr Prof. Kerſchbaumer beſitzt, ſcheint übrigens nicht die

77 738 528 34 ganze Arbeit d’Hame’s zu enthalten.

122 777 952 31 Conrad d’Hame war aus einer angeſehenen Familie zu St. Wen⸗

68 813 1000 31 del geboren, lebte längere Zeit als Profeß zu St. Matthias bei

74 849 997 33 Trier, und war dann 21 Jahre, bis zu ſeinem Tode (13. Mai 1783)

69 885 993 34 Propſt und Spiritual in der adeligen Frauenabtei auf Marienberg

71 921 1003 34 bei Boppard. In dieſer Zeit hat er ſein großes und wichtiges

77 958 988 32 Werk: Confluvium historicum monasterii montis B. M. V. prope

69 994 1008 33 Boppardiam, ſieben Foliobände ſtark, ausgearbeitet. Die vier erſten

65 1030 1012 35 Bände enthalten die Geſchichte und die Urkunden des Kloſters; der

78 1068 995 33 fünffte und ſechste ſind ein Compendium der vorhergehenden, der

77 1105 987 33 ſiebente enthält die neuen Statuten der Bursfelder Congregation.

74 1143 993 31 Das Werk reicht bis zum Jahre 1775, hat viele Siegelzeichnungen

74 1179 991 34 bei den Urkunden, Wappen und in ſehr ſchönen Farben glänzende Bil⸗

1136 163 1000 39 der und andere Verzierungen. Daſſelbe enthält aber nicht allein

1136 202 1000 36 die urkundliche Geſchichte des Kloſters Marienberg ſeit ſeiner Stif⸗

1133 238 1011 38 tung, ſondern flechtet auch viele merkwürdige Notizen über die Stadt

1146 273 984 39 Boppard und die meiſten Trieriſchen Frauenklöſter am Rhein und

1130 310 1006 41 an der Moſel ein. Dem P. Conrad d’Hame iſt 1782 als Propſt

1146 348 990 37 zu Marienberg ein Neffe deſſelben, Agritius d’Hame, gefolgt, der

1133 384 1009 37 die Auflöſung der Klöſter unter der franzöſiſchen Herrſchaft erlebt,

1145 421 988 38 das Werk ſeines Oheims gerettet und ſpäter der Trieriſchen Stadt⸗

1136 457 771 38 bibliothek geſchenkt hat, in der es ſich jetzt befindet.

1170 504 960 37 Die Geſchichte des Kloſters Marienberg, wie ſie in dem genannten

1145 540 994 37 Werke ausführlich dargelegt iſt, gleicht im Ganzen der Geſchichte

1139 576 994 37 vieler anderer adeligen Frauenklöſter der Benedictinerregel. Eine

1148 613 991 36 Thatſache gibt derſelben aber eine über den Kreis des eigenen Kloſters

1136 649 1000 38 hinausgehende allgemeinere Wichtigkeit. Es iſt die Thatſache, daß der

1133 687 999 37 Abt Johannes Rode von St. Matthias bei Trier, der eigentliche Ur⸗

1143 723 981 39 heber der „Bursfelder Reform und Congregation,” wie ich nachge⸗

1131 759 1010 39 wieſen habe (Geſch. des Erzſt. II. Abth. 1. Bd. S. 204 ff.), dieſe

1146 795 983 40 Reform auch in dem Kloſter Marienberg eingeführt hat, von welchem

1142 832 991 38 aus dieſelbe ſodann in mehrere Frauenklöſter des Benedictinerordens

1146 870 981 36 (nach Oberwerth bei Coblenz, St. Irmiarn in Trier, Niederprüm,

1139 904 996 36 St. Walpurgis in Eichſtädt und andere Klöſter) verpflanzt worden

1136 940 994 38 iſt; daß alſo Marienberg, allerdings in geringerm Umfange für

1137 978 995 34 Frauenklöſter die reformirende Thätigkeit ausgeübt, wie Bursfeld

1139 1014 996 37 für die Mannsklöſter der Benedictinerregel in Deutſchland. Dieſe

1137 1050 998 37 beſondere Wichtigkeit von Marienberg habe ich in der Geſchichte

1130 1087 999 39 dieſes Kloſters heivorgehoben. Eine neue Bearbeitung der Geſchichte

1139 1126 777 35 d’Hame’s dürfte nach dem Geſagten überflüſſig ſein.

1202 1169 879 41 Trier. Dr. Marx, Prof.

885 1335 441 37 Anzeigen.

171 1418 1491 37 In der Vereins⸗Buchhandlung & Buchdruckerei in Innsbruck iſt erſchienen:

62 1479 2067 64 Der heilige Franz von Aſſiſi, von J. M. S. Daurignae. Ueberſetzt von Ludwig Clarus. Mit Biſchöf⸗

856 1513 800 36 licher Gutheißung. Preis 22½ Ngr. — 1 fl. 20 kr.

173 1583 1951 34 Durch den Nachdruck einzelner vergriffener Hefte iſt die Herder’ſche Verlagshandlung in Freiburg i. Br. wieder im Stande,

69 1619 1067 34 durch alle Buchhandlungen vollſtändige Exemplare zu liefern von dem

54 1665 2085 60 Kirchen⸗Lexikon oder Encyklopädie der katholiſchen Theolagie und ihrer Hilfswiſſenſchaften. Herausgegeben unter Mit⸗

572 1701 1564 33 wirkung der ausgezeichnetſten katholiſchen Gelehrten Deutſchlands von Dr. H. J. Wetzer und Dr. B. Welte.

132 1740 1932 33 12 Bände. Preis: Thlr. 25. 20 ſgr. — fl. 38. 30 kr. — Der ermäßigte Preis hat längſt aufgehört.

168 1817 1533 37 Im Verlage der Junfermann’ſchen Buchhandlung in Paderborn iſt erſchienen:

60 1879 2078 63 Die Nachahmung des hl. Herzens Jeſu in vier Büchern von P. J. Arnold S. J. Nach der zweiten

1110 1912 1029 36 Auflage des lateiniſchen Originals überſetzt von P. St. Doſenbach

165 1953 809 34 S. J. 42 Bogen 8⁰. Mit 1 Stahlſtich. Geh. 1Thlr.

221 2005 1902 35 Es wird hiermit dem katholiſchen Deutſchland ein Buch übergeben, welches bisher Alle, die es im Originale geleſen haben, in

65 2043 2062 34 hohem Grade befriedigt hat. Schon der allverehrte Geiſtesmann, P. Roothaan, der es im Manuſcripte geleſen, hat ihm den vollſten Beifall

74 2079 2059 34 gezollt und den ſehnlichſten Wunſch ausgeſprochen, daß es zum geiſtlichen Nutzen der Gläubigen gedruckt werde. Es hat auch die vollſte

59 2115 2073 34 Gutheißung der vier mit deſſen Prüfung beauftragten Cenſoren erhalten. Seitdem es im Drucke erſchienen iſt, hat es in den bedeutendſten

59 2152 2094 33 katholiſchen Zeitſchriften die günſtigſte Beurtheilung gefunden als kein gewöhnliches, aſcetiſches Erzeugniß, ſondern ein Buch von außerge⸗

62 2188 2073 33 wöhnlichem Werthe, welches in ebenſo gründlicher und ſicherer, als practiſcher Weiſe zu jeder Tugend und ſelbſt zur höchſten Vollkommen⸗

59 2226 1876 31 heit anleitet. Der Preis von 1 Thaler für 42 Druckbogen iſt gewiß ein billiger und die Ausſtattung eine ſchöne zu nennen.

102 2327 663 35 Bei A. Henry in Bonn erſchien ſoeben:

78 2399 995 38 De Hermanni Buschii vita et

123 2462 945 32 scriptis commentatio historica.

132 2514 927 33 Quam scripsit Herm. los. Liessem, Phil. Dr. Adiuncta

122 2565 936 34 sunt Herm. Buschii carmina quaedam. 96 Seiten 8⁰.

120 2615 318 35 Geh. Preis 12 Sgr.

99 2682 969 34 Dieſe Monographie über einen Gelehrten, der zu den erſten Re⸗

68 2721 990 33 formationsſtreitigkeiten in ſo naher Beziehung geſtanden, empfiehlt

69 2758 990 32 ſich nicht bloß durch den Gebrauch theils ungekannter theils unbe⸗

69 2794 996 33 nutzter Quellen, ſondern auch durch die höchſte Objectivität und Un⸗

68 2829 1002 34 parteilichkeit, ſo daß ſie als werthvoller Beitrag zur Kenntniß einer

60 2862 620 40 denkwürdigen Zeit betrachtet werden muß.

1163 2304 963 34 Verlag der Fr. Hurter’ſchen Buchhandlung in Schaffhauſen.

1278 2380 710 33 Moderne Familiengeſchichten

1602 2421 45 33 von

1502 2458 264 33 Auguſt Lewald.

1236 2490 790 37 3 Bände. — fl. 5. 48. Rthlr. 3. 12. Fr. 12. —

1160 2527 963 36 Der Verfaſſer hat es in dieſem ſeinem neuen Roman für beſſer

1127 2566 1002 33 gehalten, hinter einem alltäglichen Titel manchmal über ernſte Dinge

1124 2601 999 34 auch ſehr ernſt zu ſprechen, als hinter einem vielverheißenden Aus⸗

1130 2638 991 33 hängeſchild leichten Stoff leichthin zu behandeln. Der Inhalt dieſer

1121 2673 1012 34 drei Bände iſt ein organiſch gegliedertes Ganzes, das ein und der⸗

1131 2709 996 36 ſelbe Geiſt durchweht, ein und derſelbe Faden zuſammenhält und

1128 2748 126 30 durchzieht.

1202 2784 727 33 Von demſelben Verfaſſer erſchien früher bei uns:

1127 2820 871 34 Clarinette. Roman. 3 Bde. fl. 5. 36. Rthlr. 3. 7½.

1127 2857 940 35 Der Inſurgent. Roman. 2 Bde. fl. 5. 48. Rthlr. 3. 12.

1122 2892 897 36 Aus dem kathol. Leben der Gegenwart. 48 kr. 15 ngr.

194 2961 1805 37 Verantw. Redacteur Prof. Reuſch. —Verlag von A. Henry in Bonn. — Druck von Carl Georgi in Bonn.
