2201 3067
83 71 69 39 791

608 71 982 41 Nr. 24 — Theologiſches Literaturblatt — 1866.

2070 79 63 36 792

75 166 665 33 Mangold, der Römerbrief, von Aberle.

75 204 743 34 Schaff, die Perſon Jeſu Chriſti, von Zukrigl.

74 238 667 35 Schmidt, Nicolaus von Baſel, von Bach.

83 277 982 33 Stephinsky, die heidn. Claſſiker als Bildungsmittel, von Stie⸗

122 313 154 33 felhagen.

87 351 678 31 Wilkens, Fray Luis de Leon, von Reiſer.

68 388 639 34 Wiskemann, die Sclaverei, von Funk.

113 462 978 32 Correſpondenz der Redaction. No. 12: Dankend erhalten. —

83 498 988 33 No. 16: Dank für den freundl. Brief. — No. 47: Dankend erhal⸗

1127 166 1009 41 ten. — No. 56: Beſorgt. — No. 64: Die Bücher abgeſandt. Herzl.

1139 201 985 42 Dank. — No. 75: Den Art. dankend erhalten, ein Ex. aber nicht;

1137 238 1009 41 die Nummer für R. ſchicke ich Ihnen. Der Dr. hieß Steininger.

1131 276 993 42 — No. 80: Dankend erhalten; aber Geduld! die Sache bei H. ge⸗

1130 313 1006 38 ordnet. — No. 92: Ihre Ziffer werden Sie jetzt verſtehen. —

1133 351 1006 37 No. 142: Noch nichts? — No. 149: Ein Brief an Sie iſt als un⸗

1130 388 993 36 beſtellbar an H. zurückgekommen. — No. 164: Das Buch gelegent⸗

1130 426 1009 37 lich zurück, wenn Du keinen Werth darauf legſt. — No. 187: Der

1133 462 499 39 Bogen ſollte keine Correctur ſein.

872 703 471 36 Anzeigen.

462 811 1281 37 Verlag der Fr. Hurter’ſchen Buchhandlung in Schaffhauſen.

68 870 2061 67 Das Tridentiniſche Glaubensbekenntniß, durch die heilige Schrift, die Vernunft und die Geſchichte nachge⸗

1130 906 874 34 wieſen und erläutert von Ludwig Clarus. Zwei Bände.

1753 945 334 31 fl. 4. 36. Rthlr. 2. 21.

168 990 1962 31 Der hochwürdigſte Herr Biſchof Conrad von Paderborn ſpricht ſich hierüber aus: „Wir ertheilen dieſem Werke nicht nur gerne

69 1026 2067 31 das erbetene Imprimatur, ſondern glauben es auch wegen ſeiner Faßlichkeit und Gründlichkeit Allen, welche ein eingehendes Verſtändniß der

72 1063 1320 33 Lehre unſerer heiligen Kirche gewinnen wollen, recht angelegentlich empfehlen zu dürfen.”

60 1130 1494 44 Beda, des Ehrwürdigen, Kirchengeſchichte der Angelſachſen.

1592 1105 544 35 Als Anhang: Willibald’s Leben

1554 1140 423 35 des heil. Bonifacius. Deutſch

174 1180 1913 33 von Dr. M. Wilden. fl. 2. 30. Rthlr. 1. 12.

164 1227 1968 31 „Das Buch entwirft ein gar treues und liebliches Bild des kirchlichen Lebens auf der britiſchen Inſel zu der Zeit, wo durch deutſche

74 1266 1390 30 Stämme die Urfülle deutſcher Kraft geſittet wurde durch den Geiſt der Erlöſung.” (Vorrede.)

68 1330 2035 42 Leben des Biſchofs W. Arnoldi von Trier. Von Dr. J. Kraft. 36 kr. 10 ngr.

158 1389 1968 33 Durch die Ausſtellung des heiligen Rockes in Trier iſt Arnoldi eine durch die ganze katholiſche Welt ſo bekannte Perſönlichkeit ge⸗

69 1426 987 33 worden, daß Viele ſich für ſein näheres Leben intereſſiren werden.

62 1470 2071 67 Beichtlehren, oder ſpezielle Behandlung der gewöhnlichen Sünder nach der verſchiedenen äußeren That. Von Prof. Dr. A. Kerſch⸗

383 1507 1704 36 baumer. kr. 27. ngr. 7½.

894 1586 399 36 Leſebüchlein

531 1654 1140 40 für die Pfarrherren.

864 1710 467 37 Drei Theile in einem Band.

525 1747 1145 41 (Separatausgabe aus Holzwarths Handbüchern für das prieſterliche Leben.)

914 1791 364 31 fl. 5. 36. Rthlr. 2. 7½.

161 1833 1966 36 „Was dieſes „Leſebüchlein” enthält, wollen wir den Pfarrherren und dem Publikum nicht verrathen, ſondern wir wollen die

68 1870 2059 35 Pfarrherren dringend erſuchen, dieſes für ſie ſpeziell beſtimmte „Leſebüchlein” fleißig zu gebrauchen, und dann dürfen wir ſie

57 1906 2069 35 verſichern, daß ſofern ſie das Geleſene im Leben beobachten und vollziehen, es in mehr als einem Pfarrhauſe und in mehr als einer

66 1942 1962 36 Pfarrei mit Hirt und Heerde beſſer ſtehen und gehen wird. (Schweiz. Kirchenztg. Nro. 29.)

140 2046 844 31 Verlag von Wilhelm Hertz (Beffer’ſche Buchhandlung)

333 2079 456 34 7. Behrenſtraße. Berlin.

65 2144 1005 44 Grundriß der Geſchichte der Philoſophie

548 2197 30 33 von

311 2233 495 33 Dr. Johann Eduard Erdmann,

117 2269 882 36 ord. Profeſſor der Philoſophie an der Univerſität zu Halle.

188 2314 774 33 Zwei Bände gr. 8⁰. Elegant geheftet. Preis 6 Thlr.

59 2350 996 33 Erſter Band: Philoſophie des Alterthums und des Mittelalters. (VIII

140 2388 537 31 und 623 Seiten.) Preis 2⅔ Thaler.

59 2424 1000 33 Zweiter Band: (verläßt ſoeben die Preſſe) Philoſophie der Neuzeit.

153 2460 614 34 VIII und 812 Seiten.) Preis 3⅓ Thlr.

102 2502 957 34 Anſtatt eines Lehrbuchs für Vorleſungen, an weiches urſprünglich

59 2538 999 36 gedacht war, hat der Verfaſſer ein Handbuch gegeben, welches die

57 2574 1004 36 Geſchichte der Philoſophie von ihren erſten Anfängen bei den Grie⸗

57 2611 1002 36 chen an bis auf unſere Tage darſtellt. Mit der Aufgabe: zu zeigen,

60 2646 1001 36 daß jedes wahre Philoſophem eine bleibende Eroberung des denken⸗

66 2682 992 36 den Menſchengeiſtes und darum auch für die folgenden Geſchlechter

53 2721 1012 34 von Bedeutung iſt, ſtellt ſich dieſes Werk die zweite: ſolche Lehren,

56 2757 996 34 deren Wichtigkeit nicht genmg gewürdigt zu werden pflegt, ins Ge⸗

66 2793 999 33 dächtniß zurückzurufen. Führte das Erſte dazu, die Philoſophie des

56 2829 1002 34 neunzehnten Jahrhunderts als die Alles zuſammenfaſſende beſonders

56 2866 1008 33 ausführlich zu behandeln, ſo das Zweite zu einer eingehenden Be⸗

63 2902 1008 35 handlung der Scholaſtik. Daß hier die Confeſſion des Verfaſſers

1128 2037 992 34 nicht zu confeſſioneller Beſchränktheit wurde, iſt von katholiſcher Seite

1118 2074 1014 32 anerkannt worden. Bemerkt darf werden, daß die Darſtellung nicht

1118 2109 1012 33 wie gewöhnlich und auch in einem früheren Werk deſſelben Verfaſ⸗

1119 2146 1014 33 ſers geſchieht, mit Hegels Tode abſchließt, ſondern die wichtigſten

1128 2184 1005 30 Erſcheinungen im Gebiete der deutſchen Philoſophie während der letz⸗

1127 2217 999 33 ten ſieben Luſtra eingehend beſpricht, namentlich den Zerſetzungspro⸗

1121 2256 886 33 ceß der Schule, zu welcher der Darſteller ſich ſelber rechnet.

1311 2342 630 36 Wichtige theologiſche Neuigkeit!

1154 2401 960 33 Im Commiſſionsverlag der Haller’ſchen Verlagsbuchhandlung

1119 2436 1001 34 in Bern iſt ſoeben erſchienen und durch jede Buchhandlung zu be⸗

1118 2475 96 33 ziehen:

1193 2546 867 35 Die Einheit in der Verſchiedenheit

1586 2597 60 36 oder

1217 2641 804 40 die vier Evangelien unſers Herrn Jeſu Chriſti

1125 2692 992 39 überſichtlich zuſammengeſtellt nach Luther’s Ueber⸗

1559 2732 138 32 ſetzung.

1376 2773 496 36 Bearbeitet und herausgegeben von

1551 2824 135 30 J. Glinz.

1182 2865 873 33 40 Bogen. 8⁰. Elegant broſchirt, Preis 1 Thlr. 10 Sgr.,

1311 2902 609 33 in eleg. Leinen gebunden 1 Thlr. 20 Sgr.

197 2971 1873 39 Verantw. Redacteur Prof. Reuſch. —Verlag von A. Henry in Bonn. — Druck von Carl Georgi in Bonn.
