2203 3131
198 90 147 31 Alle 14 Tage

72 114 399 34 eine Nro. von mindeſtens 1 ½ Bo⸗

66 139 415 35 gen. Abonnementspreis 1 Thlr.,

77 165 391 34 vierteljährig im Buchhandel ſo wie

77 192 381 34 auf der Post praenum. zahlbar.

1895 106 90 33 Inſerate,

1749 129 389 37 ſo weit der dazu beſtimmte Raum

1748 160 387 36 reicht, werden mit 2 ⅟₁₅ Sgr. für die

1743 192 395 37 geſpaltene Petitzeile oder deren

1850 217 181 35 Raum berechnet.

648 36 947 193 Theologisches

114 255 1931 244 Literaturblatt,

368 525 1482 52 in Verbindung mit der katholiſch-theologiſchen Facultät zu Bonn und unter Mitwirkung vieler Gelehrten

995 579 226 36 herausgegeben von

852 632 498 35 Prof. Dr. F. H. Reuſch.

83 699 2047 67 1. Jahrgang. Bonn 1. Jan. 1866. № 1.

461 831 213 37 Vorwort.

92 887 978 50 Das „theologiſche Literaturblatt” ſoll einerſeits ſeine Leſer mit

56 930 1008 49 allen nennenswerthen Erſcheinungen auf dem Gebiete der Theolo⸗

54 975 1008 46 gie und der au dieſelbe angrenzenden Wiſſenſchaften bekannt machen,

57 1014 1011 51 anderſeits durch kritiſche Beſprechung derſelben die Wiſſenſchaft

56 1057 429 45 und Literatur ſelbſt fördern.

102 1099 956 48 Ueber die Art und Weiſe, wie dieſe Aufgabe unter den gegen⸗

65 1141 1011 48 wärtigen Verhältniſſen am zweckmäßigſten gelöst werden könne,

71 1186 991 44 hat eine Conferenz von hieſigen und auswärtigen Gelehrten, die

69 1227 995 46 ſich für das Zuſtandekommen des Blattes intereſſirten, eingehende

62 1269 996 48 Berathungen gepflogen. Das Ergebniß derſelben kurz dazulegen

59 1314 1003 45 und dadurch die Leſer darüber zu orientiren, was ſie von dem

68 1356 1007 45 Blatte zu erwarten haben, iſt die Hauptaufgabe dieſes Vorwortes.

101 1398 960 46 Selbſtverſtändlich hat das „Literaturblatt” zunächſt die Auf⸗

54 1443 1004 46 gabe, alle namhaften in ſeinen Bereich fallenden neu erſchienenen

66 1482 992 49 Schriften entweder in kurzen Referaten oder in eingehenden Kri⸗

53 1525 1009 50 tiken zu beſprechen. Da nicht ſelten Aufſätze in Zeitſchriften an

59 1567 1008 50 wiſſenſchaftlicher oder praktiſcher Bedeutung ſelbſtſtändigen Schriften

63 1611 1002 49 gleichſtehen, ſo ſind auch ſie vorkommenden Falls zu beſprechen.

62 1651 1000 51 Ebenſo wird auf die in andern Zeitſchriften erſchienenen Kritiken,

57 1698 1002 48 ſoweit ſie für die Literatur von Bedeutung ſind, Rückſicht zu

53 1738 183 39 nehmen ſein.

95 1783 969 48 An ſich würde vielleicht auch ein bibliographiſches Verzeichniß

53 1825 1014 48 aller neuen Erſcheinungen der theologiſchen und an die Theologie

57 1866 1002 51 angrenzenden Literatur und eine vollſtändige Zuſammenſtellung

57 1908 999 51 des Inhalts der betreffenden Zeitſchriften zur Aufgabe des Lite⸗

63 1952 998 50 raturblattes gehören. Da aber dieſe Aufgabe von dem zu Mün⸗

54 1995 1005 49 ſter erſcheinenden „literariſchen Handweiſer” mit genügender Sorg⸗

68 2040 994 48 falt gelöst wird, ſo erſchien es zweckmäßiger, in dieſer Hinſicht

56 2083 600 42 einfach auf jenes Blatt zu verweiſen.

105 2124 954 48 Von allen Betheiligten wurde die Anſicht ausgeſprochen, daß

63 2166 995 49 das Literaturblatt, um ſeine Aufgabe vollkommen zu löſen, ſich

59 2209 1000 48 nicht auf Referate und Recenſionen in der hergebrachten Form

59 2251 1000 48 beſchränken dürfe, und viele unter denjenigen, welche brieflich ihre

56 2293 1006 48 Mitwrkung zugeſagt, haben dieſen Gedanken ausdrücklich gebilligt.

59 2335 997 50 Zunächſt wurde hervorgehoben, daß es oftmals angemeſſen ſein

53 2379 1003 49 werde, in beſondern Aufſätzen kritiſche Zuſammenſtellungen der

53 2422 996 48 vorhandenen Arbeiten über einzelne Zweige und Punkte der Lite⸗

50 2464 1006 50 ratur zu geben und dabei die gewonnenen Reſultate hervorzuheben

56 2506 996 50 und die noch auszufüllenden Lücken oder noch zu löſenden wiſſen⸗

62 2551 996 47 ſchaftlichen Schwierigkeiten und Controverſen anzudeuten. Ebenſo

50 2593 1005 50 wurden zuſammenfaſſende Berichte über die Leiſtungen einzelner

59 2635 1006 50 Schriftſteller, Schulen und Länder als mit zum Bereiche des

53 2679 1003 48 Literaturblatts gehörend bezeichnet. Selbſtſtändige Abhandlungen,

53 2721 1006 51 wie ſie den Hauptinhalt der wiſſenſchaftlichen Zeitſchriften bilden,

53 2763 1003 48 müſſen freilich von einem Literaturblatte ausgeſchloſſen bleiben;

47 2805 1017 48 dagegen wurde anerkannt, daß kleinere Aufſätze, welche, an irgend

56 2850 1002 45 eine literariſch Erſcheinung anknüpfend, irgendwelche für die Wiſ⸗

62 2892 1005 48 ſenſchaft oder das kirchliche Leben wichtige Fragen behandeln, oder

53 2933 999 50 welche ſonſt in kritiſcher, hiſtoriſcher oder anregender Weiſe Gegen⸗

1140 818 1001 41 ſtände der Literatur kurz beſprechen, in das Literaturblatt aufge⸗

1136 861 996 40 nommen werden könnten, ohne daß dadurch der Unterſchied zwi⸗

1133 904 1008 41 ſchen ihm und den beſtehenden theologiſchen Zeitſchriften verwiſcht

1133 946 993 42 und in deren Gebiet übergegriffen werde. Endlich hat das Lite⸗

1127 990 1002 45 raturblatt natürlich auch für kleinere literariſche Notizen und

1139 1032 805 37 Bemerkungen, Anfragen und dgl. Raum zu bieten.

1182 1074 959 42 Wenn das Blatt ſich als theologiſches Literaturblatt be⸗

1140 1116 992 43 zeichnet, ſo wird dadurch ſeine Aufgabe von der einer allgemeinen

1137 1158 998 45 Literaturzeitung unterſchieden. Es wird ſich aber darum nicht

1136 1198 1002 48 auf das Gebiet der eigentlichen theologiſchen Literatur beſchränken

1128 1242 1008 48 dürfen, ſondern, wie oben ſchon angedeutet wurde, auch die an

1125 1284 1008 45 die Theologie irgendwie angrenzenden Wiſſenſchaften, alſo von der

1143 1330 992 42 philoſophiſchen, geſchichtlichen, philologiſchen, pädagogiſchen, kunſt⸗

1127 1374 1012 39 geſchichtlichen, naturwiſſenſchaftlichen, juriſtiſchen und nationalöko⸗

1127 1414 1011 45 nomiſchen Literatur alles das berückſichtigen müſſen, was mit

1125 1458 550 37 der Theologie in Verbindung ſteht.

1175 1500 960 42 Es verſteht ſich von ſelbſt, daß nicht nur die katholiſche und

1124 1545 1006 39 die deutſche, ſondern auch die akatholiſche und die ausländiſche

1127 1587 1003 39 Literatur zum Bereiche des Literaturblatts gehören. Bezüglich

1121 1629 1008 40 der außerdeutſchen Literatur haben mehrere Mitarbeiter der Re⸗

1131 1671 683 37 daction ihre beſondere Unterſtützung zugeſagt.

1170 1713 956 40 Die Löſung der Aufgabe, die dem Literaturblatte geſtellt iſt,

1121 1758 1008 37 kann nur durch ein einträchtiges und ausdauerndes Zuſammen⸗

1121 1798 1011 42 wirken vieler tüchtigen Kräfte ermöglicht werden. Ich habe die

1127 1843 1008 39 Schwierigkeit des Unternehmens keinen Augenblick verkannt, und

1124 1885 1015 41 nur der ermuthigende Rath von Freunden und Collegen und die

1121 1929 1015 39 beſtimmte Zuſage kräftiger und wohlwollender Unterſtützung von

1130 1971 997 39 Seiten vieler anerkannten Gelehrten hat mich beſtimmen können,

1125 2013 1002 39 die Redaction des Blattes zu übernehmen. In den zahlreichen

1128 2058 1011 37 Zuſchriften, welche ich auf die Einladung zur Betheiligung an

1125 2097 1011 43 dem Blatte erhalten habe, wird das Unternehmen ſo einmüthig

1131 2142 1002 39 als ein zeitgemäßes und erfolgverheißendes bezeichnet, und von

1136 2182 988 44 ſo vielen Seiten die Bereitwilligkeit zur Mithülfe ausgeſprochen,

1134 2226 998 40 daß es als Pflicht erſcheint, die Bedenken, welche der Hinblick

1125 2268 1002 39 auf die Größe der Aufgabe hervorruft, zurückzudrängen und im

1131 2310 998 40 Bewußtſein des eigenen guten Willens und im Vertrauen auf

1125 2355 1002 37 die Unterſtützung eines Vereins von Kräften, wie ſie wohl noch

1134 2397 993 39 ſelten ſich zu einem ähnlichen literariſchen Unternehmen verbunden

1130 2440 415 33 haben, muthig zu beginnen,

1167 2478 963 42 Meinerſeits werde ich alles aufbieten, die Pflichten, welche dem

1124 2521 1006 42 Redacteur den Mitarbeitern und den Leſern gegenüber obliegen,

1134 2565 996 40 gewiſſenhaft und unverdroſſen zu erfüllen. Zu den Mitarbeitern

1128 2607 995 43 hege ich das Vertrauen, daß ſie das Unternehmen als ein gemein⸗

1133 2652 996 42 ſames anſehen werden, welches nur dann vollſtändig gelingen

1127 2694 1008 43 kann, wenn Jeder es ſich angelegen ſein läßt, aus dem Kreiſe

1133 2737 999 42 ſeiner beſondern Studien pünktlich und regelmäßig, — auch ohne

1127 2779 1002 42 beſondere Aufforderung—alle für das Blatt geeigneten Mitthei⸗

1131 2823 1001 40 lungen und Beiträge einzuſenden. Bei der Verſendung der Ein⸗

1133 2865 993 40 ladungen ſind ohne Zweifel Einzelne überſehen worden, welche

1124 2909 1015 38 geeignet und geneigt ſind, an dem Blatte mitzuarbeiten; ich bitte

1124 2951 1008 40 ſie, mir darum ihre Hülfe nicht vorenthalten zu wollen. Die
