2214 3072
71 70 66 36 29

636 85 960 42 Nr. 1 — Theologiſches Literaturblatt — 1866.

2112 106 48 28 30

84 177 1005 54 Sammlung von klaſſiſchen Werken der neuern katholiſchen

114 222 930 52 Literatur Englands in deutſcher Ueberſetzung. XXI. Band:

159 270 924 58 Newman, Dr. J. H., Superior der Oratorianer

126 312 960 61 in Birmingham, Geſchichte meiner religiöſen

120 355 957 60 Meinungen. Mit Genehmigung des Verfaſſers über⸗

117 396 957 61 ſetzt von G. Schündelen, Pfarrer zu Spellen. 432 Sei⸗

119 442 472 56 ten 8. Preis broch. 1 Thaler.

156 501 941 58 Der bedeutendſte Theologe und einer der tüchtigſten Schrift⸗

74 532 1009 65 ſteller, welche England gegenwärtig beſitzt, berichtet in dieſem Buche

78 570 1004 63 über den Gang ſeiner religiöſen Bildung und Entwickelung, über

72 606 1007 64 die äußern und innern Kämpfe, welche er als das hervorragendſte

86 645 987 61 Mitglied der Puſeyitiſchen Partei zu Oxford durchgemacht, und

71 679 1006 65 über die allmählige Entſtehung und Befeſtigung ſeiner Ueberzeugung

71 717 1014 61 von der Wahrheit der katholiſchen Kirche, zu welcher er im Jahre

77 753 1015 63 1845 zurückkehrte. Die Veranlaſſung zur Abfaſſung dieſer Schrift

71 790 1012 63 boten die Verdächtigungen, welche der engliſche Schriftſteller Prof.

77 828 999 63 Kingsley gegen Newman’s Wahrhaftigkeit und Aufrichtigkeit ausge⸗

80 867 1003 58 ſprochen hatte; ſie erſchien unter dem Titel Apologia pro vita sua.

77 903 1023 58 In der zweiten Auflage wurde alles ausgeſchieden, was nur vor⸗

72 936 1005 63 übergehendes Intereſſe zu haben ſchien, und der Titel History of

71 973 1011 63 my religious opinions gewählt. Dieſe zweite Auflage liegt der

77 1011 993 61 deutſchen Ueberſetzung zu Grunde; in der Einleitung hat der Ueber⸗

76 1048 1016 60 ſetzer aber ausführlich über den Streit zwiſchen Newman und Kings⸗

71 1083 1012 60 ley berichtet. Das Buch hat in England bei allen Parteien das

69 1119 1017 63 größte Aufſehen erregt. Die „Times” ſagt darüber: „Die lebendige

75 1155 1001 61 Natürlichkeit dieſes Abriſſes von Dr. Newman’s Leben in der eng⸗

83 1192 996 60 liſchen Kirche mit ſeinen Erinnerungen an ſo viele ausgezeichnete

86 1231 999 57 Männer . . . . wird dieſem Buche gewiß einen großen Leſerkreis

77 1266 1005 61 verſchaffen . . . . Eine Controversſchrift will die Apologia nicht

68 1302 1012 61 ſein; ſie will nur der Vergangenheit gedenken und ſie widerſpiegeln;

86 1339 996 60 und das geſchieht in ihr mit ungewöhnlichem Leben und ungewöhn⸗

81 1374 999 63 licher Kraft, ſowie mit allen jenen Reizen natürlicher Empfindungs⸗

80 1408 999 66 und Ausdrucksweiſe, welche dem Verfaſſer in den Jahren, wovon

74 1444 1005 66 er uns erzählt, innerhalb unſerer Kirche einen ſo unvergleichlichen

74 1480 1011 65 hohen und weit verbreiteten Einfluß verſchafften. Das Buch iſt ein

71 1516 1006 66 überaus werthvoller Beitrag zu unſerer Kirchengeſchichte, hilft in

80 1552 996 66 der Schilderung jener tief bewegten Zeit einem wahren Bedürfniſſe

71 1590 1009 64 ab und thut das in der Weiſe, wie keine andere Feder dazu im

86 1627 1008 65 Stande geweſen wäre.” Aehnlich äußerten ſich die andern bedeuten⸗

72 1662 1002 67 dern Zeitungen und Zeitſchriften. Es iſt nicht zu bezweifeln, daß

74 1699 1005 66 die Schrift in der vorliegenden, von ſachkundiger und geübter Hand

80 1738 1003 63 angefertigten Ueberſetzung auch in Deutſchland bei Allen, welche ſich

75 1773 1013 64 für religiöſe Fragen intereſſiren, eine günſtige Aufnahme finden wird.

147 1854 936 72 Von Dr. J. H. Newman iſt ferner in demſelben Verlage

72 1890 525 60 in deutſcher Ueberſetzung erſchienen:

69 1944 1002 70 „Kalliſta.” Eine Erzählung aus dem dritten Jahrhundert. 4. Auf⸗

104 1986 631 57 flage. 336 Seiten 8. Preis 22½ Sgr.

59 2025 1020 70 Weſen und Wirken der Univerſitäten. 288 Seiten 8. Preis

101 2062 126 38 18 Sgr.

59 2107 1017 69 Die Kirche der Väter. Bilder aus dem Leben und den Schriften

102 2145 969 67 der Väter des vierten und fünften Jahrhunderts. 272 Seiten 8.

113 2182 192 42 Preis 20 Sgr.

65 2221 1014 75 Vorträge und Reden, zunächſt an der kath. Univerſität zu Dublin

96 2262 684 66 gehalten. 336 Seiten 8. Preis 22½ Sgr.

66 2301 1004 76 Verluſt und Gewinn. Eine Erzählung. 432 Seiten 8. Preis

102 2340 105 39 1 Thlr.

53 2437 1020 78 Bach, Dr. M., Studien und Leſefrüchte aus dem

105 2487 968 70 Buche der Natur. Für jeden Gebildeten, zunächſt für die

98 2532 986 72 reifere Jugend und ihre Lehrer. 328 Seiten. Broch. 24 Sgr.

131 2587 939 69 Nach einer fünfundzwanzigjährigen Arbeit auf dem Gebiete der

59 2619 1017 76 Naturwiſſenſchaft, deren Reſultate der Verfaſſer bereits vielfach

59 2653 1023 76 einzeln in Zeitſchriften veröffentlicht hat, bietet er dieſelben hier ge⸗

66 2691 1011 73 ſammelt und zu einem Ganzen vereinigt den Lehrern, Eltern und

60 2725 1008 74 Schülern höherer Schulen dar. Das Studium der Natur iſt ein

62 2761 1009 74 mächtiger Hebel zur Geiſtesbildung und nutzenbringend für’s prak⸗

65 2797 1003 74 tiſche Leben; aber auch für die Ausbildung des ſittlich⸗religiöſen

59 2832 1011 76 Gefühls bietet außer dem Religionsunterrichte kaum ein anderer

56 2869 1012 74 Lehrgegenſtand ſo viel Stoff, als eben der Unterricht in der Natur⸗

57 2907 1010 73 geſchichte. Eine rechte Naturforſchung, im Geiſte des Chriſtenthums

59 2940 1011 78 ausgeführt, muß nothwendig zur wahren Gottesfurcht, Andacht und

1148 189 1002 43 Nächſtenliebe begeiſtern. Dieſes ſchöne Ziel will der Verfaſſer er⸗

1140 225 1004 46 reichen und zugleich Anleitung geben, ſelbſtſtändige Beobachtungen

1137 262 1016 45 zu machen; darum führt er vorzüglich ſolche Gegenſtände vor, welche

1143 298 1004 45 geeignet ſind, das Walten einer höhern Macht in der Natur zu er⸗

1142 334 1005 45 kennen, und gibt Anleitung, die Naturgegenſtände vom äſthetiſchen

1139 370 1009 47 Standpunkte aus aufzufaſſen, ſo daß ſich über den ganzen Unterricht

1140 408 1023 46 ein gewiſſer poetiſcher Hauch verbreitet. Der Verfaſſer ſchließt ſich

1140 444 1024 43 in dieſer Beziehung an den, durch ſeine Schulſchriften auf’s vortheil⸗

1143 483 899 40 hafteſte bekannten Schulrath Dr. L. Kellner in Trier an.

1421 598 448 38 Neue Unterhaltungsſchriften.

1134 669 1025 42 Zeitbilder in Erzählungen aus der Geſchichte

1169 706 982 44 der chriſtlichen Kirche. I. Band: Hanani oder die

1172 742 972 45 letzten Tage Jeruſalems. 224 Seiten 8. 1865. In eleg. Um⸗

1171 781 980 42 ſchlag br. 20 Sgr. Il. Band: Sabinianus oder die erſten

1175 819 967 42 Apoſtel Galliens. 240 Seiten 8. 1865. In eleg. Umſchlag

1172 855 970 42 br. 20 Sgr. Unter der Preſſe: III. Band. Antonia oder die

1169 891 978 43 Martyrer von Lyon. IV. Band. Kaiſer Julian, der Abtrün⸗

1182 930 976 43 nige, und des Schatzmeiſters Töchterlein. V. Band: Severinus,

1169 967 438 36 der Apoſtel der Donauländer.

1215 1011 936 40 Die Verlagsbuchhandlung von J. P. Bachem hat für die

1140 1050 999 36 Uebertragung dieſer Erzählungen aus dem Franzöſiſchen die Be⸗

1146 1086 1005 37 rechtigung erworben, und zu deren freier Bearbeitung die tüchtigſten

1151 1120 990 42 Kräfte gewonnen, ſo daß ſich in der deutſchen Ausgabe franzöſiſche

1148 1156 675 36 Eleganz mit deutſcher Gründlichkeit verbindet.

1223 1192 925 41 Die Hauptepochen der Gründungs⸗ und Entwicklungs⸗Ge⸗

1137 1228 1013 42 ſchichte der Kirche werden in Bildern, welche Zeit und Zuſtände

1149 1264 996 44 charakteriſiren, anſchaulich geſchildert, um die Kenntniß von dem

1158 1302 1003 40 Wirken und den Geſchicken der gottgeſtifteten Heilsanſtalt bei Sol⸗

1149 1339 996 41 chen zu befördern, bei denen eine rein wiſſenſchaftliche Darſtellung

1149 1377 990 40 nicht angebracht iſt. Nach dem Muſter der „Fabiola” bieten dieſe

1148 1413 862 37 Erzählungen ihren ernſten Kern in nicht zu harter Schale.

1214 1450 921 42 Die ganze Sammlung iſt auf fünfzehn bis zwanzig

1139 1485 1008 40 Bände berechnet, welche die Kirchengeſchichte bis zum Ende des

1136 1522 1018 41 vorigen Jahrhunderts durchführen werden. Jeder Band bildet je⸗

1148 1560 990 37 doch ein ſelbſtſtändiges Ganzes und iſt einzeln zu haben. Die

1136 1594 1018 42 elegante Ausſtattung macht dieſe Bände beſonders auch zu Feſtge⸗

1132 1632 286 33 ſchenken geeignet.

1176 1746 813 37 Im Verlage der Unterzeichneten erſchien vor Kurzem:

1196 1827 879 37 Hellenismus und Chriſtenthum

1613 1885 60 33 oder

1175 1939 933 39 die geiſtige Reaction des antiken Heidenthums gegen das

1532 1984 213 36 Chriſtenthum.

1142 2043 990 37 Mit beſonderer Rückſicht auf die chriſtenfeindliche Literatur des

1241 2095 786 36 claſſiſchen Alterthums ſo wie auch der Gegenwart

1620 2154 48 30 Von

1461 2199 362 37 Dr. Heinrich Kellner.

1290 2253 690 39 Gr. 8. 29 Bogen. Broſch. 1 Thlr. 20 Sgr.

1178 2308 967 35 Der Haupt⸗Inhalt des Werkes umfaßt: a) Die Lage des

1142 2346 1009 34 Chriſtenthums im Römiſchen Reiche. b) Allmähliches Hervortreten

1137 2382 843 31 des Chriſtenthums. Die geiſtige Reaction gegen daſſelbe.

1170 2418 982 33 I. Abſchnitt. Die Bekämpfung des Chriſtenthums vom Stand⸗

1145 2454 1005 34 puncte des Skepticismus und der Negation. II. Abſchnitt. Das

1136 2490 1012 33 Wiedererwachen des religiöſen Bedürfniſſes im Heidenthum und die

1143 2526 1002 33 Sehnſucht nach dem Poſitiven. Der Neupythagoräismus. III. Ab⸗

1125 2559 1026 35 ſchnitt. Die fundamentale Erneuerung des Heidenthums in religiös⸗

1137 2598 1010 37 philoſophiſcher Hinſicht. Die Blüthenperiode des Neuplatonismus.

1133 2634 1005 37 Gleichzeitige Erſcheinungen. IV. Abſchnitt. Das Stadium des über⸗

1134 2670 1011 37 handnehmenden Aberglaubens und der Religionsmengerei. V. Ab⸗

1137 2709 1012 35 ſchnitt. Die Anſtrengungen des Heidenthums, ſeine bürgerliche und

1128 2745 1007 37 rechtliche Stellung zu behaupten. Der Kampf um die Exiſtenz.

1136 2781 999 37 VI. Abſchnitt. Die letzten philoſophiſch⸗theologiſchen Controverſen

1127 2817 1021 36 zwiſchen heidniſchen und chriſtlichen Gelehrten. Der Nationalismus.

1130 2853 1018 39 Die modernen Bearbeitungen des Lebens Jeſu verglichen mit den

1137 2889 371 31 Bearbeitungen der Alten.

1133 2943 1021 42 M. DuMont⸗Schauberg’ſche Buchhandlung

1542 2988 222 36 in Köln.
