2206 3126
83 75 69 34 439

627 73 975 36 Nr. 13 — Theologiſches Literaturblatt — 1866.

2079 75 63 34 440

71 172 1011 33 und gerechter, als die theologiſche Geſchichtſchreibung der Prote⸗

81 216 992 34 ſtanten zu ſein pflegt. Für die übernatürliche Weihe und die

77 261 1008 31 kirchliche Größe des Statthalters Chriſti dagegen hat er keinen

80 303 1003 33 Sinn und kein Verständniß. Jener Zauber, mit welchem das

89 346 993 35 Mittelalter ſeine Päpſte wie mit einem Nimbus umgab, iſt

86 388 1000 33 für ihn längſt durch „die Freiheit des Glaubens und Wiſ⸗

86 432 993 31 ſens” verflogen, und was er davon erzählt, klingt wie Mär⸗

84 475 981 33 chen aus goldenen Zeiten, die in das Reich der „Romantik”,

77 517 1000 35 „in das dämmernde und zaubervolle Reich der Phantaſie” ge⸗

87 560 1003 35 hören. Und ſo liebt es denn G. die Bilder der Päpſte bald

72 604 1008 33 mit den ſanften Farben des Mittelalters in überirdiſcher Verklä⸗

68 646 1008 36 rung, bald mit dem grellen Fackellichte der modernen Kritik und

77 690 999 34 des naturaliſtiſchen Unglaubens zu beleuchten, immer aber durch

74 732 1000 36 den Wechſel der Contraſte den Leſer in Spannung zu verſetzen

81 777 989 34 und die erſchlaffende Phantaſie neu aufzuregen. In ſeinen Päpſten

61 818 1019 35 ſpiegeln ſich Himmel und Erde, die Harmonie des Ewigen und

81 864 989 31 die Zerriſſenheit des Irdiſchen, und dieſe Gegenſätze pikant zu

81 906 993 31 miſchen, den einen durch den andern zu zerſtören und ſo die

81 948 989 34 Geſchichte zur großen Ironie auf ſich ſelbſt zu machen, darin

74 992 1000 31 beſteht ſeine Virtuoſität, darin ſeine Romantik, die ſich mit mo⸗

74 1035 1002 34 derner Blaſirtheit paart. Bei aller künſtlichen Vollendung fehlt

74 1080 1002 31 es daher doch zuletzt an der künſtleriſchen Weihe, an der erha⸗

74 1122 997 33 benen Ruhe, welche die Gegenſätze und Kämpfe der Erde in dem

74 1165 994 33 Himmel der göttlichen Ideen ſich verſöhnen läßt. Bei ihm

74 1209 993 33 geht durch die Geſchichte ein düſterer, unheimlicher Dualismus,

69 1252 1011 33 eine Zerklüftung in Gegenſätze, eine zitternde, fieberhafte Unruhe,

66 1294 1008 33 ein Mangel an Verſöhnung und Frieden. Denn über ihr wölbt

72 1338 993 31 ſich kein Himmel, ſondern in ihrem Dunkel ſchleicht das tückiſche

69 1380 1001 34 räthſelhafte Fatum, und das Höchſte, was ſich von ihr ſagen

74 1422 1002 34 läßt, iſt, daß ſie eine ſtets ſich gebärende und ſtets ſich ver⸗

77 1464 789 33 ſchlingende Revolution ohne Anfang und Ende iſt.

162 1505 840 37 Hildesheim. H. Hagemann.

332 1587 483 34 Literariſche Notizen.

80 1633 987 53 — Die Polemik, welche durch das „Biſchöfliche Wort” des

74 1690 1000 36 Biſchofs Martin veranlaßt worden iſt, hat ſich theilweiſe von

63 1735 1008 35 der Hauptfrage weg auf allerlei fern liegende ſpecielle Punkte ge⸗

63 1780 1002 33 wendet. Der proteſt. Pfarrer Andreä hat dieſe Richtung zuerſt

71 1824 1003 31 eingeſchlagen; daß ſeine katholiſchen Gegner auf ſeine Einfälle

62 1863 1022 37 eingegangen ſind, mag durch locale Verhältniſſe geboten ſein,

71 1909 1000 33 worüber wir nicht urtheilen können; der Federkrieg kann aber auf

63 1951 1005 35 dieſe Weiſe bis ins Endloſe ohne nennenswerthen Vortheil für

69 1995 998 34 die Klarſtellung der Hauptfragen fortgeſetzt werden. Denn Andreä

59 2037 1018 36 und ſeines Gleichen werden um ſtets neue Themata nicht verlegen

65 2080 1012 35 ſein. Die neueſte Schrift von kath. Seite, von Dr. Giefers,

66 2124 1001 33 behandelt mit großer Erudition drei ſolcher von Andreä geſtellter

65 2166 1000 36 Themata, „das ungariſche Fluchformular,” die h. Jung⸗

69 2209 993 35 frau Synoris und den h. Patroklus. (Paderborn, Schöningh

71 2253 988 33 1866, 196 S. 8.) Ueber letztern, deſſen Reliquien in Soeſt ver⸗

59 2295 1005 33 ehrt werden, hat Giefers ſchon in einer frühern Schrift, „Scheide⸗

65 2338 994 33 waſſer”, gehandelt; hier folgt (S. 75—196) die Duplik auf

75 2381 999 34 Andreä’s Replik. S. 1—18 wird die Behauptung widerlegt,

1149 172 993 32 Baronius habe eine Stelle des Chryſoſtomus, in welcher zwei

1146 216 999 31 Heilige ξυνωρὶς τῶν ἀγίων μαρτύρων, „ein Paar der hei⸗

1143 257 999 34 ligen Martyrer,” genannt werden, mißverſtanden und aus dem

1152 300 987 34 ξυνωρίς eine h. Jungfrau Synoris gemacht. Nach der Regel,

1142 345 991 31 daß, wer behauptet, zu beweiſen hat, hätte, ſcheint uns, die ein⸗

1137 387 1004 33 fache Aufforderung an Andreä, die betreffende Stelle des Baro⸗

1142 430 999 33 nius zu produciren, genügt, und Giefers nicht den Beweis an⸗

1142 474 990 33 zutreten gehabt, daß Baronius nichts der Art ſagt. Das „un⸗

1139 517 993 32 gariſche Fluchformular” iſt bekanntlich ein angebliches Glaubens⸗

1146 559 993 35 bekenntniß, welches wiederholt bei der Rückkehr von Proteſtanten

1142 603 994 33 zur Kirche gebraucht worden ſein ſoll. Es iſt zuerſt 1676 von

1142 646 993 33 dem ungariſchen Prediger Lani, ſeitdem wiederholt veröffentlicht

1136 687 996 36 und ebenſo oft von katholiſcher Seite für eine verläumderiſche

1142 732 993 34 Erdichtung erklärt worden. Man braucht daſſelbe eigentlich nur

1143 774 989 34 zu leſen, um es als einen plumpen Betrug zu erkennen, und

1146 817 989 36 nichts beweist die Zähigkeit, mit welcher manche Leute die un⸗

1148 862 991 35 glaublichſten Dinge feſthalten, deutlicher als die Thatſache, daß

1136 904 1002 33 dieſes „Fluchformular” noch in unſerm Jahrhundert wiederholt

1146 946 986 36 gedruckt und von Streitwolf und Klener ſogar in die Sammlung

1143 990 989 34 der ſymboliſchen Bücher der kath. Kirche aufgenommen worden

1136 1032 1005 34 iſt. Giefers gibt eine ziemlich vollſtändige Ueberſicht über die

1145 1077 996 34 Geſchichte dieſer Controverſe. Ich glaube nur, daß ſo intereſſante

1127 1120 1008 33 geſchichtliche Unterſuchungen, wie dieſe und die über den h. Pa⸗

1133 1164 1015 33 troklus, ohne weitläufige Polemik gegen einen Gegner wie Andreä,

1140 1206 1004 34 in der Form einer beſondern Schrift oder eines Aufſatzes in

1133 1248 1005 34 einer Zeitſchrift eine werthvollere Bereicherung unſerer Literatur

1136 1293 168 31 ſein würden.

1158 1329 980 37 — Die „Quaestiones in rubricas Breviarii et Missalis

1133 1377 1012 33 Romani ad usum Seminarii Mechliniensis. Mechliniae, H.

1131 1419 1011 34 Dessain 1865, enthalten S. I—CLXXX den Text der Rubriken,

1139 1462 994 33 wie ſie in jedem Brevier und Miſſal ſich finden, S. 101—108

1140 1503 995 34 das Ordinarium Missae mit den Gebeten beim Anlegen der prie⸗

1128 1543 1005 38 ſterlichen Gewänder und bei der Rückkehr vom Altar. Für die

1146 1588 990 35 Quaestiones bleibt ſomit nur der kleinere Theil des Buches

1136 1630 993 36 S. 1—100 übrig, und es iſt begreiflich, daß die Rubriken hier

1127 1674 1006 36 weder eingehend noch vollſtändig zur Beſprechung kommen können,

1127 1717 1005 36 dieſe vielmehr eine ſehr elementare und lückenhafte ſein muß.

1140 1761 993 34 Der Verf. ſelbſt beabſichtigt übrigens auch keine Vollſtändigkeit,

1130 1804 999 35 und ſein Zweck ſcheint geweſen zu ſein, den Seminariſten ein

1133 1848 1011 37 Buch in die Hand zu geben, in welchem ſie ſich vorläufig durch

1133 1890 1002 34 Selbſtſtudium über die gewöhnlichſten rubriciſtiſchen Fragen orien⸗

1140 1933 996 33 tiren können. Den vortrefflichen Werken, womit drei Landsleute

1133 1977 991 34 des Verfaſſers, De Herdt, Faliſe und Bonory in den letzten Jahren

1128 2020 1005 33 die rubriciſtiſche Literatur bereichert haben, können den Quaestio-

1124 2062 786 35 nes in keiner Weiſe an die Seite geſtellt werden.

2058 2067 30 31 H.

1169 2116 958 36 Correſpondenz der Redaction. Nro. 16 und 51: Die Bücher

1133 2154 996 34 ſind an Sie abgeſandt. — Nro. 47: Sie haben ja das Buch von

1137 2190 992 34 L. erhalten? — Nro. 65: Für Nro. 13 zu ſpät angekommen, für

1130 2226 999 34 Nro. 14 in die Setzerei gegeben. — Nro. 103: Nun halten Sie aber

1140 2262 960 36 auch Wort. — Nro. 184: Dankend erhalten; ganz einverſtanden.

1136 2307 1003 34 Mit Nro. 13 iſt das zweite Quartal des Literaturblatts abge⸗

1173 2343 960 37 ſchloſſen; wir bitten um rechtzeitige Ernenerung des Abonne⸗

1163 2380 91 32 ments.

868 2485 458 33 Anzeigen.

101 2544 970 31 Im Verlage des Unterzeichneten iſt ſoeben erſchienen und durch

57 2580 887 31 alle Buchhandlungen des In⸗ und Auslandes zu beziehen:

345 2658 467 31 Sanct Auguſtinus

537 2698 33 30 von

281 2739 570 36 Ida Gräfin Hahn⸗Hahn.

205 2787 716 34 8⁰. 22 Bog. geh. 1 fl. 48 kr. rh. — 1 Thlr.

101 2833 958 36 Wie den drei erſten Bänden, ſo wird auch dieſem, nach einer

62 2871 1009 34 Unterbrechung von ſieben Jahren erſcheinenden vierten Bande

60 2907 1001 34 der „Bilder aus der Geſchichte der Kirche” der gleiche un⸗

65 2943 999 37 getheilte Beifall in den katholiſchen Leſerkreiſen zu Theil werden,

62 2980 1009 35 zumal dieſer Band, obſchon nur ein Lebensbild — das des großen

1136 2542 997 33 heiligen Auguſtinus! — enthaltend, beinahe eben ſo viel Schö⸗

1127 2578 1008 33 nes und Erhabenes darbietet, als die drei erſten Bände zuſammen

1133 2616 154 33 genommen.

1209 2655 836 34 Mainz 1866. Franz Kirchheim.

1317 2718 816 34 Unterzeichneter erklärt nochmals, daß die Ausgabe

1131 2742 998 48 des Theol. Literaturblattes ganz regelmäßig alle 14

1133 2791 1003 33 Tage erfolgt und hält derſelbe durch einige Vorfälle ſich ver⸗

1136 2827 1000 35 pflichtet, die Abonnenten des Blattes, beſonders die in Tirol,

1130 2865 1006 33 darauf aufmerkſam zu machen, daß es nicht ſein Verſchulden

1133 2902 991 32 iſt, wenn das Theol. Literaturblatt einigen Abonnenten unre⸗

1130 2938 994 33 gelmäßig oder in der letzten Zeit gar nicht mehr zugekommen iſt.

1212 2979 830 34 Bonn im Juni 1866. A. Henry.

212 3033 1767 37 Verantw. Redacteur Prof. Reuſch. — Verlag von A. Henry in Bonn. — Druck von Carl Georgi in Bonn.
