2191 3067
51 53 65 55 27

593 75 1000 34 Nr. 1 — Theologiſches Literaturblatt — 1866.

2100 76 47 30 28

873 208 440 36 Anzeigen.

95 267 874 36 Bei Adolph Marcus in Bonn iſt ſo eben erſchienen:

534 321 74 34 Aus

165 409 798 35 meinem Leben.

540 460 51 30 Von

384 507 374 37 Ferdinand Walter.

450 544 250 39 Preis 1⅔ Thlr.

95 594 955 36 Inhalt: I. Die Kindheit und Jugend. — Wetzlar (1794—

63 627 1017 39 1802). — Düſſeldorf (1802—1805). — Mülheim a. Rh. (1805—

62 663 1006 40 1809). — Cöln (1809—1813). — II. Militäriſches. — Die

68 705 1010 34 franzöſiſche Conſcription (Auguſt 1813). — Der Eintritt als Frei⸗

59 741 1014 36 williger (Ende 1813). — Der Anfang des Feldzuges in Frankreich

60 777 1010 37 (Jan. 1814). — Züge in Brabant (Jan. Febr. 1814). — Die

56 813 1017 36 erſte Einnahme von Soiſſons (Febr. 1814). — Bedrängte Kriegs⸗

62 849 1006 36 verhältniſſe (März 1814). — Die Schlachten von Caronne und

63 885 1005 37 Laon (März 1814). — Erholung (März 1814). — Kreuz⸗ und

66 921 1016 37 Querzüge (März 1814). — Gegen Paris (März und April 1814).

63 959 1007 35 — Aufenthalt in Paris (bis Hälfte Juni 1814). — Rückreiſe und

62 993 1002 39 Abſchied (Juni 1814). — III. Die Ausbildung. — Die Fni⸗

68 1032 1009 34 verſitätsjahre (1814—1817). — Die Doctorpromotion (1817—1818).

65 1066 1008 36 — Der Anfang als Privatdocent (1818—1819). — IV. Das

69 1104 996 37 wiſſenſchaftliche Leben — V. Kirchliches. — Die innere

69 1140 1002 39 Entwicklung. — Das Kirchenrecht. — Der Erzbiſchof Clemens

69 1179 1012 34 Auguſt (1836—1845). — Friedrich Wilhelm IV. (1840—1847). —

69 1215 1009 37 Die neue Verfaſſung (1848—1850). — VI. Bürgerliches. —

63 1251 1019 37 Der Hoſpitalbau in Bonn. — Das Beethoven⸗Monument. — VII.

74 1288 1003 36 Politiſches. — Bonn im Jahr 1848. — Berlin (Mai u. Juni.

60 1324 1013 36 — Auguſt bis November 1848). — Brandenburg (November u.

62 1360 1003 36 December 1848). — Frankfurt und Berlin (December 1848 u. Ja⸗

63 1398 1015 33 nur 1849). — Berlin in der erſten Kammer (1849 u. 1850). —

65 1432 333 36 VIII. Perſönliches.

92 1497 982 34 Bei J. P. Bachem in Köln iſt erſchienen und in allen Buch⸗

66 1533 318 34 handlungen vorräthig:

63 1590 1007 34 Wiſeman, Nic., Cardinal, Erinnerungen

104 1632 966 31 an die letzten vier Päbſte und an Rom in ihrer Zeit. Im Auf⸗

92 1668 978 34 trage Sr. Eminenz überſetzt von Prof. Dr. F. H. Reuſch. Dritte

107 1707 595 31 Auflage. 400 S. 8. Broch. 28 Sgr.

62 1782 1008 37 Cardinal Wiſeman’s Predigten complet!

95 1822 939 39 Mit Genehmigung Sr. Eminenz überſetzt von Prof. Dr. Joh.

291 1863 560 33 Kayſer und Pfarrer G. Schündelen.

65 1906 1011 39 I. Band. 2 Theile. Predigten über den Heiland und die allerſeligſte

173 1945 796 35 Jungfrau. 400 S. 8. Preis broch. 1 Thlr. 3 Sgr.

101 1978 969 38 Dieſe Sammlung enthält folgende 17 Predigten: Die Menſchwer⸗

59 2016 1029 34 dung und Geburt Jeſu Chriſti. — Die Erſcheinung dis Herrn. —

69 2052 1007 34 Der Knabe Jeſus im Tempel. — Der h. Name Jeſus. — Die bei⸗

65 2088 1009 36 den großen Geheimniſſe der Liebe. — Der Berg Thabor und der

66 2124 1014 36 Oelberg. — Jeſus, Erquicker der Mühſeligen und Beladenen. —

62 2163 1014 34 Von der ſittlichen Haltung und Hingabe des Heilandes in ſeinem

59 2199 1015 34 letzten Leiden. — Ueber das Aergerniß, das an Chriſtus genommen

63 2235 1004 34 wird. — Die Triumphe des Kreuzes. — Paſſions⸗Betrachtung. —

62 2272 1003 36 Dem Herrn zur Seite. — Ueber die Verſuchung. — Das Reich

62 2307 1012 36 Chriſti. — Herzens⸗Andacht zur allerſeligſten Jungfrau. — Vereh⸗

66 2344 972 36 rung der allerſeligſten Jungfrau. — Maria, die Mutter Gottes.

105 2382 971 34 In einem Anhange befinden ſich 6 Hirtenbriefe über die Andachten

72 2418 1001 34 zu dem heiligſten Herzen Jeſu, mit Rückſicht auf das Unterrichts⸗

62 2454 1009 36 weſen; nämlich: Vom heiligen Herzen. — Ueber die Geheimniſſe

59 2491 1006 35 des heiligen Herzens. — Von dem Feuer des heiligſten Herzens. —

65 2527 1022 35 Von dem koſtbaren Blute des heiligſten Herzens. — Ueber die Er⸗

72 2566 1002 33 ziehung des heiligſten Herzens Jeſu. — Anordnung des vierzigſtün⸗

69 2601 998 34 digen Gebetes zur Anbetung des allerheiligſten Altarſacramentes im

72 2637 171 33 Jahre 1849.

110 2682 925 34 II. Band. Predigten über das chriſtliche Leben. 424 S. 8.

368 2718 397 34 Preis broch. 1 Thlr. 6 Sgr.

98 2754 982 34 Gleich dem 1. Bande enthält auch dieſer 2. Band einen abgerun⸗

62 2790 1024 36 deten Cyclus von Predigten, nämlich: Von der Liebe zur Welt. —

59 2827 1026 35 Vom Aergernißgeben. — Von den Gefahren des Reichthums. —

71 2863 1022 36 Von der Ehrabſchneidung. — Von der Buße. — Von dem vierzig⸗

66 2898 1021 36 tägigen Faſten. — Von der Beichte. — Von dem unnützen Knechte.

75 2935 1008 36 — Von der unwürdigen Communion. — Vom Aufſchieben der

65 2974 1015 38 Buße. — Von der geringen Zahl der Auserwählten. — Von der

1131 261 1024 39 Abſcheulichkeit der Sünde. — Vom Tode. — Vom unvorbereiteten

1131 298 1013 36 Tode. — Von dem letzten Gerichte. — Vom Dunkel und Licht im

1143 336 999 37 Glauben. — Von der Einheit im Glauben. — Von der chriſtlichen

1130 372 997 37 Liebe. — Von der Liebe des Nächſten. — Zu einer Primizfeier. —

1133 411 1016 34 Vom Wankelmuth und deſſen Heilung. — Von der Trübſal. —

1128 450 278 33 Schlußbetrachtung.

1170 483 966 34 Wie der Name des hohen Verfaſſers ſind auch die der Ueberſetzer

1123 523 1027 34 durch ihre frühern Uebertragungen aus dem Engliſchen längſt vor⸗

1131 561 240 31 theilhaft bekannt.

1322 658 624 35 William Shakeſpeare.

1494 711 285 34 Von Sr. Eminenz

1382 754 502 33 Nicolaus Cardinal Wiſeman.

1455 807 372 31 Autoriſirte Ueberſetzung.

1274 844 715 33 4½ Bogen 12. Preis geh. 7½ Sgr. (18 Kr.)

1158 889 978 33 Die letzte literariſche Arbeit des großen Kirchenfürſten, der Ent⸗

1136 927 994 31 wurf eines Vortrages in dem „Königlichen Inſtitut von Großbri⸗

1124 963 1011 31 tannien”, zu welchem Sr. Eminenz eingeladen worden war, iſt ge⸗

1126 999 1007 32 eignet, die allgemeine Aufmerkſamkeit in hohem Grade auf ſich zu

1133 1035 993 33 ziehen. Sie zeichnet ſich aus durch die dem Verfaſſer eigenthümliche

1133 1071 1003 33 Feinheit des Gedankens und Zierlichkeit des Ausdrucks, und gibt

1139 1108 1007 32 Zeugniß von der bis zu den letzten Tagen ſeines Lebens unge⸗

1127 1144 756 33 ſchwächten Friſche, Fülle und Kraft ſeines Geiſtes.

1130 1218 1009 37 Predigten von Dr. Daniel Murray, weiland Erzbiſchof von

1170 1258 963 36 Dublin. Aus dem Engliſchen überſetzt und dem hochwürdigſten

1163 1296 967 36 Herrn Weihbiſchofe Freusberg von Paderborn, Herrn Regie⸗

1161 1332 972 34 rungsrath Kopp und Herrn Prof. Dr. Rodehuth gewidmet von

1157 1369 972 33 Dr. Joh. Kayſer, Prof. an der phil.⸗theol. Lehranſtalt zu Pader⸗

1173 1405 960 33 born. Zweite Auflage in zwei Bänden. I. Band, enthaltend:

1173 1440 970 34 Predigten auf die Sonntage des Jahres vom Advent bis zum

1172 1476 973 34 Dreifaltigkeits⸗Sonntag. 380 Seiten 8. Preis broch. 1 Thlr.

1167 1512 966 34 II. Band, enthaltend: Predigten für die Sonntage nach Pfingſten

1167 1548 972 36 und für die Hauptfeſte des Jahres. 444 S. 8. Preis broch.

1167 1586 107 32 1 Thlr.

1205 1621 940 35 Dieſe ausgezeichneten Predigten des größten Kanzelredners von

1137 1659 1002 34 Irland, deſſen Beredtſamkeit ſeiner Zeit O’Connell „erhaben” nannte,

1128 1695 1005 36 ſind durchaus praktiſch, rein poſitiv, ſchlicht und einfach, Eintheilung

1131 1732 1008 36 und Anordnung klar; die Uebergänge ſind natürlich, ſo daß ſie jedem

1134 1768 483 39 Prediger brauchbare Muſter ſind.

1202 1803 943 34 Ueber die Gediegenheit dieſes Predigtwerkes ſprachen ſich ſchon

1137 1842 1005 36 beim Erſcheinen der erſten Auflage ſämmtliche bedeutende katholiſche

1134 1878 1014 36 Blätter überaus günſtig aus. So u. A. die „Tübinger Theol. Quar⸗

1127 1914 1011 36 talſchrift”, das „Freib. Kath. Kirchenblatt”, die „Kath. Blätter aus

1131 1950 1008 37 Tirol”, die „Kath. Literatur⸗Zeitung” etc. Letztere nennt die Ueber⸗

1123 1987 1015 36 ſetzung „ausgezeichnet.” Die erſte Auflage wurde in zwei Jah⸗

1134 2029 198 30 ren vergriffen.

1235 2091 793 33 Neues, billiges katholiſches Volks⸗ und Hausbuch.

1518 2140 246 33 Des ehrwürdigen

1329 2193 615 34 Martin von Cochem

1133 2238 1016 32 Erklärung des heil. Meßopfers. Nebſt vier Meßandachten,

1169 2274 966 33 Beicht⸗ und Communiongebeten aus andern Erbauungsbüchern

1173 2310 978 34 deſſelben Verfaſſers. In neuer Bearbeitung von einem

1167 2346 984 36 Pfarrer der Erzdiöceſe Köln. Unter Genehmigung der

1175 2382 972 34 hochwürd. geiſtlichen Obrigkeit. Mit einem Titelbild in Stahlſtich.

1173 2419 969 33 700 S. 8. in großer Schrift auf ſtarkem Papier. Preis geh. 18 Sgr.

1202 2455 934 33 Dieſe neue Ausgabe, welche durch kräftiges Papier, feinen Stahl⸗

1130 2493 1022 34 ſtich, größern Druck und ſtärkere Seitenzahl bei dem gleichen billigen

1142 2529 1005 34 Preiſe von 18 Sgr. oder 1 Fl. 3 Kr. ſich vor den bisherigen Aus⸗

1142 2563 996 36 gaben auszeichnet, genügt allen Anforderungen der Gegenwart hin⸗

1140 2601 999 36 ſichtlich des Stiles, ohne der ſo ſchlichten und anziehenden Darſtel⸗

1134 2637 1002 36 lungsweiſe des Verfaſſers zu nahe zu treten. Schwerlich iſt wohl

1131 2674 1008 36 in einem andern Buche die Vortrefflichkeit des h. Meßopfers ſo gründ⸗

1137 2710 996 36 lich auseinandergeſetzt, als in dieſem ſeit mehr als 150 Jahren ſehr

1137 2746 1011 39 geſchätzten und verbreiteten Buche. Es iſt ſo viel als möglich in

1143 2782 999 38 einer alten Geſtalt gelaſſen und nur das enffernt worden, was heut

1143 2820 990 37 zu Tage nicht mehr zur Erbauung dienen kann. Die Schriftſtellen

1140 2856 1013 36 ſind nach dem approbirten Allioli’ſchen Texte gegeben, die Citate be⸗

1137 2892 1008 37 richtigt und nach den beſten neuern Werken vermehrt. Vier aus⸗

1132 2928 1006 36 gezeichnete Meßandachten, Beicht⸗ und Communion⸗Ge⸗

1129 2967 923 34 bete von P. Martin von Cochem ſelbſt bilden den Anhang.
