2215 3144
53 78 60 37 55

618 72 962 37 Nr. 2 — Theologiſches Literaturblatt — 1866.

2094 69 51 33 56

59 169 1008 33 Berichtigungen zu Nro. 1. Sp. 6, Z. 27 I. crucis ſt. cruris. Sp. 9,

95 208 967 33 Z. 13 ſind die Worte „ſich zu erheben” zu ſtreichen. Sp. 21, Z. 8

101 244 514 33 v. u. l. „zu äußern” ſi. „äußern”.

66 297 1002 31 Die folgenden Nummern werden außer den in Nro. 1 angekündig⸗

98 333 519 33 ten Arbeiten enthalten Artikel über

63 375 793 37 Audisio, Droit public de l’église, von Heuſer.

72 412 921 36 Baur, Vorſeſungen über Dogmengeſchichte, von C. Werner.

63 450 1015 34 Bluntſchli, altaſiatiſche Gottes⸗ und Weltideen, von Haneberg.

66 486 813 36 Bucher, Chronologie des Neuen Teſt., von Langen.

54 525 1005 33 Bunſen, das Reich Gottes und das Leben Jeſu, von Langen.

56 561 1002 34 Dillmanns Arbeiten zur äthiopiſchen Literatur, von Kaulen.

59 597 1012 34 Kuno Fiſcher, Geſch. der neuern Philoſophie, von Katzenberger.

59 636 1014 31 Gangauf, des h. Auguſtinus Lehre von Gott, von Katzenberger.

72 672 959 34 Haffner, der Materialismus in der Culturgeſch., von Boſen.

72 707 906 35 Höfler, Scriptores rerum Husiticarum, von Friedrich.

65 743 1014 37 Jungmann, die Schönheit und die ſchöne Kunſt, von Wedewer.

60 781 905 36 Kieſel, die Weltgeſchichte, 1. Bd, 2. Aufl., von Tücking.

62 817 928 36 Onno Klopp, die Werke von Leibnitz, von Katzenberger.

59 851 1015 38 Laemmer, Decreta Concilii Ruthenorum, von Silbernagl.

62 889 951 36 Lindemann, Geſch. der deutſchen Literatur, von E. Göbel.

62 925 861 36 Ritzſch, Auguſtinus’ Lehre vom Wunder, von Simar.

63 962 776 38 Phillips, die Synode zu Tribur, von Schulte.

69 999 714 37 Prantl, Geſchichte der Logik, von Michelis.

68 1036 703 38 Preuner, Heſtia⸗Beſta, von Stiefelhagen.

63 1071 977 39 Schlayer, Beitr. zur Lehre vom Patronatrechte, von Schulte.

1137 165 996 36 Schuſter, Handb. zur bibl. Geſch. des N. T., von Stiefelhagen.

1136 202 738 33 Wenig, Schola syriaca, von Pius Zingerle.

1178 256 799 35 Ferner ſind zur Beſprechung in Ausſicht genommen:

1124 298 482 36 Delitzſch, der Prophet Jeſaja.

1125 334 567 39 Janſſen, die erſte Theilung Polens.

1133 372 654 37 Lange, Theologiſch⸗homiletiſches Bibelwerk.

1169 460 970 36 Correſpondenz der Redaction. Nro. 18: Es eilt nicht.

1134 496 999 36 Nro. 56: Sendung über Köln erhalten. Nro. 60: Quousque tan-

1133 534 1002 34 dem? Nro 76: H. iſt leider in derſelben Lage wie Sie. Der

1137 570 996 37 Ruſſe kann warten. Nro. 94: Pr. willkommen. Nro. 154: Der

1124 607 1014 36 im Briefe erwähnte Artikel lag nicht bei; Ignoriren iſt übrigens

1122 643 1017 38 auch Recenſiren. Nro. 171: Vortrefflich. In Nro. 3 oder 4.

1131 681 998 37 Nro. 184: Sie erhalten bis auf Weiteres das Blatt in der ge⸗

1131 718 1011 35 wünſchten Weise. Ich ſchicke Ihnen die 2. Abth. von B. Nro. 77:

1137 756 552 34 Artikel von Ihnen und Sch. erhalten.

1164 798 981 39 Die Herren Verlagsbuchhändler werden gebeten, Recenſions⸗

1130 838 1000 32 Exemplare von neuen theologiſchen und verwandten Schriften mög⸗

1122 874 1008 33 lichſt früh durch Herrn A. Henry an die Redaction gelangen zu

1133 910 1002 33 laſſen, — Predigten, Erbauungsbücher und dgl. und Bücher, die

1124 948 691 33 vor 1865 erſchienen ſind, nur auf Verlangen.

1157 991 973 33 Die Herausgeber von wiſſenſchaftlich⸗theologiſchen und literariſchen

1122 1029 1005 34 Zeitſchriften, welche das theologiſche Literaturblatt einzutauſchen

1134 1065 1001 36 wünſchen, mögen ſich an den Redacteur oder den Verleger wenden.

863 1160 467 95 Anzeigen.

104 1297 973 33 So eben erſchien Nr. 71 Antiquariſches Bücherverzeichniß (Theo⸗

50 1336 600 32 logie), enthält auch werthvolle Patriſtik.

131 1380 132 34 Berlin.

506 1409 525 43 J. A. Stargardt, Jägerſtr. 53.

126 1527 885 37 Verlag der Fr. Hurter’ſchen Buchhandlung in

462 1574 213 31 Schaffhauſen.

60 1628 1022 37 Convertitenbilder aus dem neunzehnten Jahrhundert.

113 1671 973 40 Von D. A. Roſenthal. Erſter Band. Deutſchland. I. fl. 3.

98 1720 387 33 36 kr. Thlr. 2. 3 Sgr.

95 1767 976 34 Dieſe vollſtändige Sammlung aller hervorragenden Converſionen

62 1803 1011 34 zur katholiſchen Kirche im Laufe dieſes Jahrhunderts, meiſt nach

66 1837 1018 36 den eigenhändigen Aufzeichnungen der betreffenden Perſönlichkeiten,

65 1878 840 33 dürfte geeignet ſein, ein allſeitiges Intereſſe zu erwecken.

288 2003 546 31 Katholiſche Predigten.

60 2061 1019 34 Von Fr. Lorinſer, fürſtbiſchöflichem Conſiſtorialrath und Pfarrer

221 2100 706 31 in Breslau Erſter Band (Weihnachtskreis).

371 2136 381 34 fl. 3. Thlr. 1. 24 Sgr.

101 2176 985 35 Der hauptſächlichſte Zweck, welchen der Verfaſſer bei der Heraus⸗

78 2212 995 36 zabe dieſer Predigten im Auge hatte, war, ein katholiſches Er⸗

63 2250 1013 34 bauungsbuch zu liefern, welches die Geheimniſſe des Kirchenjahres

69 2286 998 34 und die wichtigſten Glaubenswahrheiten in allgemein faßlicher un

65 2321 1021 37 für das Leben fruchtbarer Weiſe erklärt, und denen, welche verhin⸗

68 2361 1000 34 dert ſind, das Wort Gottes in der Kirche zu hören, einen Erſatz

65 2400 872 33 für die Entbehrung der mündlichen Lehre gewähren kann.

296 2519 553 35 Der Pfingſtfeſtkreis

120 2589 921 34 in ſeinen Ceremonien oder der hl. Geiſt und ſeine

258 2631 624 34 Gnadenwirkungen durch die Kirche,

62 2677 1008 36 geſchildert von S. Knoll. A. u. d. T: Das Leben der Kirche,

192 2713 786 36 dargeſtellt in liturgiſchen Predigten von S. Knoll.

143 2751 880 34 Dritter (Schluß⸗) Band. fl. 2. 30 kr. Thlr. 1. 15 Sgr.

168 2796 801 34 Band I. enthält: Die Ceremonien der heil. Meſſe.

407 2835 351 36 fl. 1. 21 tr. 24 Sgr.

149 2878 859 35 Band II. enthält: Die heil. Weihnachts⸗ und Oſterzeit.

350 2919 447 33 fl. 2. 24 tr. Thlr. 1. 12 Sgr.

1133 1296 1008 40 Das Tridentiniſche Glaubeusbekenntniß,

1170 1341 980 37 durch die hl. Schrift, die Vernunft und die Geſchichte nachge⸗

1170 1384 972 36 wieſen und erläutert von Ludwig Clarus. Erſter Band.

1170 1431 360 34 fl. 2. Thlr. 1. 6 Sgr.

1298 1509 672 36 Der römiſche Katechismus,

1128 1551 1010 40 herausgegeben auf Befehl der Kirchenverſammlung zu Trient, in

1137 1587 1011 40 Kanzelvorträgen, vertheilt auf die Sonntage des Kirchenjahres und

1128 1626 1017 40 mit Zugrundelegung der ſonntäglichen Evangelienabſchnitte, gehalten

1173 1662 939 42 von Fr. Künzer, Canonikus an der Kathedrale zu Breslau.

1286 1698 710 42 1. Jahrgang. fl. 2. 24 kr. Thtr. 1. 12 Sgr.

1164 1735 972 39 Dieſe neue Arbeit des berühmten Kanzelredners dürfte wohl ihrer

1134 1774 1008 39 ganzen Anordnung nach die erſte und einzige auf dieſem Gebiete

1136 1812 768 37 ſein und die allgemeinſte Berückſichtigung verdienen.

1166 1875 985 34 Sorti des presses de Ch. Peeters, rue de Namur, 22, à

1131 1915 135 33 Louvain:

1130 1956 1017 39 Faure (J. B.), e Societate Jesu. Dubitationes Theologicae de

1181 1989 975 39 Judicio Practico, quod super Poenitentis, praecipue consue-

1175 2028 960 36 tudinarii aut recidivi, dispositione formare sibi potest ac

1175 2064 963 34 debet confessarius, ut eum rite absolvat. Editio quarta,

1166 2103 205 33 in-12. 1 frc.

1133 2137 1008 41 Audisio, (Mgr.), Chan. de St. Pierre au Vatican et Professeur

1301 2170 685 36 du droit public à l’Université de Sapience.

1133 2206 1014 39 Droit public de l’Eglise et des nations chrétiennes, traduit

1175 2243 984 38 de l’italien, avec approbation de l’auteur, par M. le Cha-

1173 2280 810 37 noine Labis, Professeur au séminaire de Tournai.

1173 2319 977 34 L’ouvrage forme 3 vol. in-8. d’environ 400 pag. Prix par

1146 2355 371 37 volume 3 frcs. 50 cent.

1182 2388 972 39 Les deux premiers volumes traitent de la constitution véri-

1143 2424 1017 40 table de l’Eglise et des faux systèmes qui tendent à la défi-

1136 2460 1014 40 gurer ou à l’obscurcir, le 3e de l’origine du pouvoir civil

1139 2496 885 39 et de la coexistence juridique de l’Eglise et de l’Etat.

1142 2535 996 37 Il y aura une de partie qui traite de la diplomatie écclé-

1136 2576 153 32 siastique.

1172 2608 882 39 Ce 4e volume se vend à part et paraîtra incessament.

1139 2644 1000 39 Vos (L’abbé J.), vicaire à Lobbes. Lobbes, son Abbaye et

1176 2680 963 39 Chapitre, ou Histoire complète du monastère de Saint-Pierre

1170 2717 981 38 à Lobbes et du chapitre de Saint-Ursmer à Lobbes, puis à

1182 2752 977 41 Binche, avec cartes, vues et portraits. — 2 vol. in-8. 8 frc.

1137 2790 1017 39 Manuel du Rosaire perpétuel, par le Père Pie Vermeersch, de

1167 2827 981 41 l’ordre des Frères Prêcheurs, directeur du Rosaire perpé-

1172 2865 910 40 tuel. — 2me Edition. Revue et augmentée. 30 cent.

1136 2904 664 39 Le même ouvrage en flamand. 35 cent.

212 2967 1785 46 Verantw. Redacteur Prof. Reuſch. — Verlag von A. Henry in Bonn. — Druck von Carl Georgi in Bonn.
