2188 3156
59 68 85 35 863

618 73 981 40 Nr. 26 — Theologiſches Literaturblatt — 1866.

2043 83 81 33 864

299 208 502 39 Literariſche Notizen.

168 295 894 36 — Berichtigung. In Folge der in Nr. 24 d. Bl.

63 339 1006 34 [Sp. 788] ausgeſprochenen Rüge wird der in Wolfs Fortbil⸗

65 384 994 31 dungsſchule Jahrg. 1866, Bd. I, Heft 1 über Peſtalozzi’s Grund⸗

65 424 984 35 ſätze S. 37 u. 38 enthaltene und durch ein ſinnſtörendes Druck⸗

65 468 994 34 verſehen entſtellte Paſſus dahin berichtigt, daß ſtatt „der Geiſt⸗

63 513 990 33 liche Lienhard” u. ſ. w., zu leſen iſt: „der Geiſtliche in

59 555 999 34 Lienhard”. — Die Redaction der Fortbildungsſchule iſt von

66 598 1006 32 mir unter dem 20. Nov. l. J. erſucht worden, die Emendation

50 640 803 33 dieſes Druckfehlers im nächſten Hefte zu bewirken.

147 683 834 37 Würzburg 24. Nov. 1866. Dr. Huller.

95 744 954 34 — Von der Sp. 565 beſprochenen Wiener Ausgabe der la⸗

63 787 993 35 teiniſchen Kirchenväter wird der erſte Band, Sulpicii

53 831 837 34 Severi Chronicon, rec. Halm, in kurzem erſcheinen.

173 881 886 34 — Von Levy’s Chaldäiſchem Wörterbuch (Sp. 223) iſt die

56 924 994 34 5. Lieferung erſchienen, welche den Schluß des erſten Bandes

59 969 997 34 (א bis ל) mit Nachträgen von Prof. Fleiſcher und den Anfang

59 1012 993 33 des zweiten enthält. Manche beachtenswerthe Berichtigungen

59 1056 993 31 geben Zarncke’s Lit. Centralblatt 1866, Sp. 565. 971.

51 1096 1010 36 und Frankels Monatsſchrift 1866, S. 73. 148. — Von der

60 1140 999 34 neuen Ausgabe des Buxtorf’ſchen Lexikons (Sp. 223) iſt erſt

45 1185 1008 31 die dritte Lieferung erſchienen, und zwar unter dem Namen des

59 1228 994 33 jüdiſchen Herausgebers Fiſcher allein; der chriſtliche Herausgeber,

48 1269 996 34 Gelbe, iſt zurückgetreten. Das Werk wird ſehr ungünſtig be⸗

56 1314 1006 31 urtheilt in Zarncke’s Lit. Centralbl. 1866, Sp. 619 und in

56 1356 1005 34 Frankels Monatsſchrift 1866, S. 190. 233. — Ueber die von

60 1399 999 33 Wright und Phillips herausgegebenen Syriaca (Sp. 563) han⸗

53 1442 999 32 deln ausführlich Geiger in der Ztf. der D. M. G. 1866, 460

54 1485 1005 31 und Bickell in der Tüb. Quartalſchr. 1866, 465, über die von

62 1527 988 33 Bickell und Overbeck edirten Schriften von Ephräm (Sp. 564),

56 1570 990 33 Zarncke’s Lit. Centralbl. 1866, 992. 1018. Eine Beſprechung

1119 174 995 40 derſelben von P. Zingerle bringen wir in einer der nächſten

1118 217 162 36 Nummern.

1147 261 979 37 — „Eine literariſche Haſenjagd oder Methode, wie ein

1125 304 999 39 gewiſſenhafter Polemiker wider die katholiſche Kirche Heiligenbilder

1128 346 983 39 zurecht macht, verrathen durch Ludwig Clarus” (Paderborn,

1127 388 991 41 Junfermann 1866. 124 S. kl. 8. 10 Sgr.) iſt eine Kritik des

1121 430 1000 42 ſchon 1856 erſchienenen Schriftchens „Franz von Aſſiſi, ein

1127 472 988 41 Heiligenbild von Karl Haſe.” Haſe’s „Handbuch der Pole⸗

1118 516 1006 40 mik” iſt mit Veranlaſſung dazu geweſen, daß Clarus das ältere

1128 561 990 39 Schriftchen — nebenbei auch die „Polemik” — kritiſirt. Die Kritik

1127 604 984 39 war urſprünglich beſtimmt, als Anhang zu der von Clarus

1112 648 1002 40 überſetzten Geſchichte des h. Franz von Dauxignac gedruckt zu

1121 690 1005 40 werden. Da ſie nicht in Verbindung mit einer Biographie des

1125 735 998 37 Heiligen erſcheint, hätten die einzelnen Punkte ſeines Lebens, um

1122 777 996 37 welche es ſich bei Haſe handelt, in der Volemik gegen ihn voll⸗

1134 819 987 39 ſtändiger angegeben werden müſſen, zumal dieſe in der Form

1115 862 1011 36 eines fortlaufenden polemiſchen Commentars zu der Haſe’ſchen

1125 906 987 36 Schrift geführt wird. Am eingehendſten wird die Stigmatiſation

1112 949 999 36 des h. Franz behandelt. Der Titel und der damit harmonirende

1115 992 996 37 Ton vieler Partieen des Schriftchens iſt nicht nach dem Ge⸗

1115 1035 247 37 ſchmacke des Ref.

1154 1087 954 36 — Von den Gelehrten, welche dem ‚Literaturblatte’ ihre Un⸗

1109 1129 1000 36 terſtützung zugeſagt hatten, ſind im Laufe dieſes Jahres ge⸗

1122 1173 989 34 ſtorben: der Dompropſt Dr. Franz Werner zu St. Pölten

1124 1218 990 33 (geſt. 17. Febr., vgl. Sp. 181) und die Profeſſoren der Mün⸗

1112 1260 1003 34 chener theologiſchen Facultät Dr. Max von Stadlbaur (geſt.

1112 1304 1000 34 5. Sept.) und Dr. Anton Rietter (geſt. 6. Nov.) R. I. P.

1149 1375 969 35 Correſpondenz der Redaction. No. 24: Der Art. iſt willkom⸗

1119 1411 1001 40 men. — No. 82: Dankend erhalten. — P. G. in M. (50): Zwei

1109 1449 306 31 Zuſendungen erhalten

1139 1500 975 36 Dieſer Nummer liegen Titel und Regiſter des Jahrgangs

1116 1537 995 36 1866 bei. Es wird um baldige Anmeldung des Abonnements

1110 1573 528 36 für den Jahrgang 1867 gebeten.

870 1792 447 43 Anzeigen.

153 1895 1370 38 In der Junfermann’ſchen Buchhandlung in Paderborn ſind erſchienen:

44 1963 2074 66 Eine literariſche Haſenjagd oder Methode, wie ein gewiſſenhafter Polemiker wider die katholiſche Kirche Heiligenbilder

766 1999 1259 33 zurecht macht, verrathen durch Ludwig Clarus. 8⁰. 124 Seiten. Geh. 10 Sgr.

45 2055 2069 63 Die Standeswahl. Ein Handbuch für Prieſter, chriſtliche Eltern und die reifere Jugend von P. Damanet, S. J. Auf Er⸗

533 2088 1588 37 ſuchen des Verfaſſers in deutſcher Sprache bearbeitet von Hermann Joſeph von Fugger⸗Glött, Prieſter

194 2128 924 33 der Geſellſchaft Jeſu. 8⁰. XI u. 368 Seiten. Geh. 25 Sgr.

29 2181 2095 64 Beiträge zur Geſchichte und Erklärung der Kirchenhymnen. Mit beſonderer Rückſicht auf das

1617 2217 494 34 römiſche Brevier. Von Dr. Joh.

189 2254 1935 41 Kayſer, Profeſſor an der philoſ.⸗theol. Lehranſtalt zu Paderborn. Erſtes Heft. Gr. 8⁰. VIII u. 160 S. Geh. 17½ Sgr.

468 2393 1220 39 Verlag der Fr. Hurter’ſchen Buchhandlung in Schaffhauſen.

50 2460 2064 64 Die katholiſchen Kanzelredner Deutſchlands ſeit den letzten drei Jahrhunderten. Als Beitrag zur Geſchichte

1181 2496 933 34 der deutſchen Kanzelberedſamkeit, ſowie als Material zur prak⸗

200 2533 1914 35 tiſchen Benutzung für Prediger. Von Dr. Joh. Nep. Briſchar. Erſter Band. Die Kanzelredner des 16. Jahrhun⸗

201 2571 639 31 derts. fl. 4. 48. Rthlr. 2. 24. Fr. 10.

147 2622 1980 33 In erſter Linie iſt dieſes Werk ganz entſchieden ein Bibliothekswerk, da es zum erſten Male eine Geſchichte der deutſchen katholiſchen

48 2659 1553 32 Kanzelberedſamkeit giebt, die bisher ein völlig unbekanntes Feld, deren Träger durchaus ignorirt waren.

155 2695 1963 33 Damit verbindet der Verfaſſer einen weitern ganz praktiſchen Zweck, indem er aus dieſem reichen Schatze der deutſchen Predigt der

44 2731 2053 32 drei letzten Jahrhunderte das Werthvollſte und Bedeutendſte heraushebt und zu einer homiletiſchen Fundgrube für die Gegenwart macht.

155 2767 1704 33 Ein reicherer Schatz alter gediegener Predigten, paſſend für alle Bedürfniſſe der Gegenwart, iſt gar nicht denkbar.

164 2805 1957 31 Somit empfehlen wir dieſes Werk der Theilnahme der geſammten Geiſtlichkeit recht angelegentlichſt, deren Unterſtützung allein die

45 2841 1124 33 Durchführung des von dem Herausgeber angeſtrebten Zieles möglich macht.

200 2951 1771 38 Verantw. Redacteur Prof. Reuſch. —Verlag von A. Henry in Bonn. — Druck von Carl Georgi in Bonn.
