2205 3060
62 73 81 36 119

620 73 976 37 Nr. 4 — Theologiſches Literaturblatt— 1866.

2070 79 72 33 120

120 168 959 37 Ganz einverſtanden muß man mit dem in den letzten Zeilen

75 211 1008 36 der Praefatio ausgeſprochenen Wunſche ſein, daß ſo viele noch

65 256 1012 35 unbekannte Schätze der ſyriſchen Literatur an’s Licht gefördert

75 300 1004 34 werden möchten und daß eine neue Ausgabe und lateiniſche Ueber⸗

78 345 1008 33 ſetzung Ephräms beſorgt werde. Namentlich verdient es der h.

71 388 1000 33 Jakob von Sarug, nach Ephräm der bedeutendſte ſyriſche Kirchen⸗

75 430 993 33 vater, ganz herausgegeben zu werden, weil er ein geiſtvoller Aus⸗

68 474 1018 36 leger und Redner iſt, zudem auch werthvolle Beiträge zur Kenntniß

69 514 425 36 der ſyriſchen Poeſie enthält.

108 559 969 33 Die Ausſtattung des Buches iſt ſchön; die ziemlich große An⸗

69 600 1002 37 zahl Druckfehler (S. 105—107) findet ihre Entſchuldigung in

62 645 1002 36 der Abweſenheit des Verf. vom Druckorte (Leipzig). Der Laden⸗

69 688 1011 35 preis dieſes erſten Theils (2 Thlr. 12 Sgr.) iſt für ein Schul⸗

72 732 998 33 buch etwas hoch angeſetzt, beſonders wenn auch das Lexicon eben⸗

59 774 1018 36 ſoviel oder noch höher zu ſtehen kommt. [Rödigers Chreſtoma⸗

72 819 998 33 thie, 139 S. Text, 102 S. Paradigmen und Gloſſar, koſtet

69 861 248 34 nur 1¼ Thlr.)

159 911 114 33 Meran.

626 908 366 39 P. Pius Zingerle.

326 1043 481 38 Literariſche Notizen.

103 1133 967 35 — In dem 1. Hefte des Jahrg. 1866 der Tübinger „Theo⸗

68 1179 1005 34 logiſchen Quartalſchrift” veröffentlicht Hefele mit einigen Er⸗

74 1221 990 34 läuterungen die Bulle Clemens’ V. vom 22. März 1312, wo⸗

68 1266 1000 33 durch der Templerorden aufgehoben wurde, und eine gleichfalls

71 1308 1003 33 auf die Aufhebung des Ordens bezügliche Bulle vom 6. Mai

71 1350 1006 33 1312. Die erſte iſt den Gelehrten, die ſich mit der Geſchichte

62 1390 1014 33 des Ordens beſchäftigt haben, wie Havemann und Wilcke, gar

71 1434 994 33 nicht, die zweite nicht vollſtändig bekannt geweſen. Beide Bullen

59 1476 1021 34 hat P. Pius Gams in einem in Deutſchland kaum bekannt

65 1519 580 36 gewordenen ſpaniſchen Werke entdeckt.

102 1557 959 39 — Von Ewalds „Jahrbüchern der bibliſchen Wiſſenſchaft”

56 1606 1020 33 iſt eben die zweite Hälfte des 12. erſchienen; es wird jetzt nur

71 1648 996 35 noch ein Regiſter zu den 12 Bänden folgen. Das letzte Heft

57 1692 1013 34 enthält außer einigen unbedeutenden bibliſchen Aufſätzen Artikel

69 1737 998 31 über den Proteſtantenverein und die Eiſenacher Kirchenregiments⸗

72 1781 996 31 conferenzen und ein „Sendſchreiben an den König von Preußen

63 1823 1001 32 in der chriſtlichen Sache Schleswig⸗Holſteins,” mit einem Ent⸗

56 1866 1015 36 wurf einer Bundesreform. In einer Anmerkung zu dieſem

1142 172 1003 35 Sendſchreiben S. 128 werden wir belehrt: „Wenn die Iren

1146 216 1002 34 jetzt nicht in derſelben Stufe wie die gleichem Blute entſproſſenen

1149 258 990 36 Schotten und Walliſer mit der engliſchen Herrſchaft zufrieden

1145 300 1000 36 ſind, ſo ſteckt nichts als der Papismus dahinter.” Was das

1139 344 1002 38 alles mit der bibliſchen Wiſſenſchaft zu thuen hat, vermag Ref.

1143 387 221 34 nicht zu ſagen.

1238 430 904 39 — Wenn Puſey in ſeinem Eirenicon die Anſicht ausſpricht,

1145 472 987 36 die rationaliſtiſche Behandlung der h. Schrift im Geiſte Colen⸗

1145 514 996 39 ſo’s und der Essays and Reviews habe in der engliſchen Kirche

1133 559 1003 38 keine Zukunft, ſo ſpricht dagegen die Thatſache, daß immer mehr

1137 601 992 39 exegetiſche Schriften von anglicaniſchen Geiſtlichen erſcheinen, welche

1131 645 1011 39 die Anſichten der deutſchen Rationaliſten vertreten, ſo in den

1140 687 1004 40 letzten Wochen von Desprez über das B. Daniel, von Hough⸗

1133 730 1011 39 ton über das hohe Lied, von Rowland Williams, einem

1136 773 537 35 der Eſſayiſten, über die Propheten.

1134 820 999 38 Die folgenden Nummern werden außer den früher angekündigten

1170 855 477 36 Arbeiten enthalten Artikel über

1146 898 882 40 Holzwarth, Abfall der Niederlande, von P. Beckmann.

1131 937 885 38 Koerber, S. Irenaeus de gratia sanctif., von Simar.

1143 972 999 43 Permaneder, Handb. d. Kirchenr., her. v. Silbernagl, von Gitzler.

1133 1011 916 42 Reinke, Beitr. zur Erkl. des A. T. VII. Bd., von Reuſch.

1143 1047 804 39 Sederholm, zur Religionsphilosophie, von Kuoodt.

1124 1084 885 41 Toſi, Vorleſungen über den Syllabus, von Dieringer.

1131 1122 822 36 Wittſtock, Encyclop. der Pädagogik, von E. Göbel.

1181 1167 799 39 Ferner ſind zur Beſprechung in Ausſicht genommen:

1131 1203 601 34 Lamy, Introductio in s. scripturam.

1133 1242 739 31 Patiß, Leben des Gottmenſchen Jeſus Chriſtus.

1140 1278 723 31 Pfau, Die ſociale Frage in Verh. z. Chriſtenth.

1124 1315 783 33 Roſenthal, Convertitenbilder aus dem 19. Jahrh.

1124 1348 675 36 Schrader, Theses theologicae, S. IV. V.

1124 1384 441 36 Sepp, Geſchichte der Apoſtel.

1124 1420 753 35 Tischendorf, Apocalypses apocryphae.

1167 1461 968 39 Correſpondenz der Redaction. Nro. 45: Noch immer nichts?

1187 1498 955 40 — Nro. 56: Kreuzband erhalten? — Nro. 62: Die Bitte in der

1142 1534 997 41 Nachſchrift kam zu ſpät. Im Uebrigen bleibt die fragliche Provinz

1131 1572 998 37 Ihrer Obhut vorbehalten und beſtens empfohlen. — Nro. 63: Haben

1133 1608 1000 37 Sie Ihre Abſicht hinſ. D. aufgegeben? — Nro. 75: Ganz ſtumm?

1134 1641 1011 40 — Nro. 149: Dankend erhalten. — Nro. 184: Dankend erhalten.

1140 1677 596 37 — P. B. Z. in M.: Dankend erhalten.

1179 1719 959 36 Die Herren Verlagsbuchhändler werden gebeten, Recen⸗

1137 1756 1004 38 ſions⸗Exemplare von neuen theologiſchen und verwandten Schrif⸗

1131 1794 1010 34 ten möglichſt früh durch Herrn A. Henry an die Redaction ge⸗

1136 1831 1008 36 langen zu laſſen. — Predigten, Erbauungsbücher u. dgl. und Bücher,

1125 1867 738 33 die vor 1866 erſchienen sind, nur auf Verlangen.

875 2050 460 40 Anzeigen.

101 2150 975 35 Im Verlage von Mayer & Comp. in Wien ſind ſo eben er⸗

65 2193 769 36 ſchienen und durch jede Buchhandlung zu beziehen:

68 2243 996 39 Hodegus Seminaristarum. Auctore H. Dubois. Ex idiomate gallico

107 2290 966 40 in latinum translatus. 6 Bog. 8 Broch. Pr.: 40 kr. od. 9 Sgr.

63 2344 1001 39 Patiß, P. Georg, Das A, B, C der Scholaſtik. 38 S. gr. 8.

101 2390 493 36 Broſch. Pr.: 36 kr. od. 7½ Sgr.

59 2445 1014 34 Schrader, P. Clemens S. J. Theses Theologicae quas in Vindobo-

99 2490 975 33 nensi academia synopsis instar auditoribus tradidit. Series

99 2534 975 37 quinta. Accedit de gratia actuali commentarius. 8 Bog.

95 2580 549 34 kl. 4. Broch. Pr. 1 fl. od. 20 Sgr.

177 2641 569 39 Früher erſchienen in gleichem Verlage:

54 2695 1014 33 Geiſtliche Uebungen in der Einſamkeit von acht Tagen, nach Text

95 2731 976 35 und Methode des h. Ignatius. Mit einem Triduum für

102 2769 972 34 Prieſterexercitien. Von einem Prieſter der Geſellſchaft Jeſu.

107 2806 414 35 1862. Broſch. Pr.: 12 Sgr.

66 2857 1011 36 Schmude, P. Theodor S. J. Erinnerungsblätter an die geiſtlichen

93 2898 975 33 Exercitien des h. Ignatius. 1861. Broſch. Pr.: 50 kr. od. 12 Sgr.

1359 2150 570 38 Neueſte Faſtenpredigten.

1169 2215 976 35 Bei Mayer & Comp. in Wien und durch alle Buchhandlungen

1131 2251 176 36 zu beziehen:

1134 2304 1011 34 Ricker, P. Anſelm, O. S. B., Via dolorosa oder Kreuzweg des Herrn,

1166 2341 960 33 dargeſtellt in 14 Predigten, mit einer Schlußbetrachtung am Oſter⸗

1170 2380 969 30 montag, gehalten in der heil. Faſtenzeit. 1864. 8. 11 Bog. Broſch.

1176 2415 969 34 Pr.: 20 Sgr. (Der Ertrag iſt als Peterspfennig für

1160 2452 477 33 den heil. Vater beſtimmt.)

1128 2505 1020 31 Wieſinger, Albert, Die ſechs Sünden wider den h. Geiſt.

1152 2541 981 34 Dargeſtellt nach dem Leben der Gegenwart. 7 Bog. gr. 8. Broſch.

1176 2578 387 35 Pr.: 72 kr. od. 13½ Sgr.

1238 2638 576 36 Ferner erſchienen in gleichem Verlage:

1136 2692 994 33 Patiß, P. Georg, Geſchichte der bibliſchen Offenbarung Gottes.

1169 2728 963 36 1ſter Band. Altes Teſtament. 8. 483 S. Pr.: 28 Sgr.

1160 2766 973 33 2ter Band. Neues Teſtament. 8. 300 S. Pr.: 20 Sgr.

1133 2818 996 35 Patiß, P. Georg, Das Leben des Gottmenſchen Jeſus Chriſtus,

1173 2856 960 34 des Erlöſers der Welt, in ſeinen ſieben großen Geheimniſſen dar⸗

1163 2893 979 35 geſtellt. 45 Bog. gr. 8. Broſch. Preis: 4 fl. oder 2 Thlr. 24 Sgr.

195 2963 1821 41 Verantw. Redacteur Prof. Reuſch. — Verlag von A. Henry in Bonn. — Druck von Carl Georgi in Bonn.
