2213 3157
80 75 63 34 503

620 75 972 37 Nr. 15— Theologiſches Literaturblatt — 1866.

2070 80 81 32 504

95 172 988 36 ſondern ganz Belgien, darf man wohl ſagen, einſtimmig iſt . . .

87 216 990 36 Neben dieſer Thatſache [der bedeutenden Frequenz der Löwener

87 258 990 37 Univerſität] ſteht freilich auch die andere, daß es jetzt nach 30⸗

77 301 996 38 jährigem Wirken kaum möglich iſt, Gelehrte von einiger Bedeu⸗

81 345 1016 37 tung zu nennen, welche aus der Löwener Schule hervorgegangen

80 387 1005 37 wären. Man hat wohl im erſten Anfange deutſche Wiſſenſchaft

86 430 996 39 zu Hülfe gerufen: Männer wie Arendt, die beiden Möller, Vater

80 474 996 37 und Sohn, Windiſchmann wurden als Profeſſoren angeſtellt;

84 516 989 37 aber dieſe ſind nun alle weggeſtorben und nicht mehr erſetzt wor⸗

83 561 991 36 den; das deutſche Element iſt dort verſchwunden. Unter den

87 606 996 36 nichtdeutſchen Profeſſoren haben der eben erſt verſtorbene David

75 648 1002 37 und Thoniſſen durch ihre Werke über belgiſche Geſchichte, Perin

84 691 995 36 als Nationalökonom, Neve durch eine Fülle kleinerer Schriften

75 733 999 36 und Abhandlungen als Orientaliſt ſich hervorgethan. Im Gan⸗

74 777 999 34 zen aber ſind der Schriften, welche von Löwener Profeſſoren oder

74 819 1008 36 ihren Zöglingen erſchienen, zu wenige, als daß ſich aus denſelben

71 861 999 37 ein Schluß ziehen ließe auf den dort herrschenden Geist und Grad

77 906 999 36 der Wiſſenſchaftlichkeit. Strenge Beurtheiler möchten vielleicht

74 948 1014 37 behaupten, daß ſich auch die belgiſche Literatur überhaupt nur

81 993 995 34 negativ charakteriſiren laſſe, ſo nämlich, daß ihre Eigenthümlichkeit

80 1036 997 33 beſtehe in der Abweſenheit deutſcher Gründlichkeit und deutſcher

68 1080 996 33 Kritik und in der Abweſenheit franzöſiſcher Formgewandtheit,

72 1122 993 34 Eleganz und Durchſichtigkeit. Indeß iſt doch nicht zu überſehen,

68 1165 1018 36 daß Belgien jetzt im Gebiete der eigenen Landesgeſchichte eine Reihe

68 1209 1005 34 ſehr tüchtiger, auch höhern Anforderungen entſprechender Leiſtun⸗

71 1251 1014 36 gen aufzuweiſen hat. Und auch in andern Gebieten wären doch

69 1290 993 40 immer einzelne ehrenvolle Ausnahmen namhaft zu machen. —

69 1338 1002 34 Bekanntlich hat das in ſeiner Weiſe lockende Beiſpiel der gelun⸗

74 1380 996 37 genen Löwener Univerſität einige Männer in Deutſchland bewo⸗

69 1422 995 36 gen, etwas Aehnliches, d. h. eine bloß biſchöfliche und jedem Ein⸗

74 1464 1010 36 fluſſe der Staatsgewalten entzogene Hochſchule auch auf deut⸗

74 1506 1002 37 ſchem Boden gründen zu wollen. Man möge nur nicht ver⸗

74 1548 999 42 geſſen, daß in Deutſchland völlig verſchiedene Zuſtände, eine

65 1591 999 39 entgegengeſetzte Geſetzgebung beſteht, und daß, ſo lange dieſe nicht

74 1635 984 37 von Grund aus geändert wird, der Erfolg eines ſolchen Unter⸗

74 1675 1009 42 nehmens mehr als zweifelhaft iſt. In Belgien iſt die Geſetz⸗

80 1722 993 37 gebung über den Unterricht, wie die ganze Verfaſſung, aus einem

72 1767 989 37 tiefen Mißtrauen gegen die, oberſte Regierungsgewalt hervorge⸗

75 1809 989 37 gangen, und die Entlaſſung des Unterrichtsweſens aus dem

71 1854 984 34 Staatsverbande hat dort zu einem argen Verfalle der Volksſchulen

68 1893 1011 42 zu ſteigender Unwiſſenheit der niedern Claſſen, zur Verſchlechterung

1146 170 995 40 der Mittelſchulen oder Gymnaſien und zu einem ſich immer

1142 216 1003 37 erneuernden, mit großer Erbitterung verknüpften Kampfe geführt,

1146 258 993 37 deſſen Ende noch gar nicht abzuſehen iſt.” — Unter de Rams

1151 301 991 38 ſchriftſtelleriſchen Arbeiten werden ſeine „ſtoffreichen” Analekten zur

1142 343 1005 41 Geſchichte der alten Univerſität Löwen beſonders beſprochen; zum

1139 388 999 36 Schluſſe heißt es: „Er war kein großer, einen weiten Wiſſens⸗

1142 432 1006 36 kreis umfaſſenden Gelehrten; es läßt ſich kein einziges Buch von

1142 474 996 37 nur einigem Werthe von ihm anführen; aber er besaß in nicht

1143 517 999 38 gewöhnlichem Maße die Kenntniß der belgiſchen Geſchichte, der

1136 562 1011 36 kirchlichen, politiſchen und literäriſchen, und er war auch hier

1145 606 1010 36 ein unermüdet fleißiger Sammler und Herausgeber. Die akade⸗

1136 648 999 37 miſchen Publicationen Belgiens enthalten eine Menge von hiſtori⸗

1148 690 990 37 ſchen Notizen und kleinern Abhandlungen von ſeiner Hand. An

1146 732 993 39 einer Belgia sacra hat er lange gearbeitet. Seine wichtigſte

1140 775 992 41 hiſtoriſche Leiſtung war die ſorgfältige Ausgabe der für die bel⸗

1143 819 995 37 giſche Geſchichte des 15. Jahrhunderts ſo ausgiebigen Chronik von

1134 860 1002 41 Dinter. Hoffentlich wird aus ſeinem Nachlaſſe noch manche ge⸗

1137 905 789 35 ſchichtliche Perle ans Licht gezogen werden können.”

1131 960 1005 39 Die folgenden Nummern werden u. a. enthalten Artikel über:

1139 997 993 39 Allies, the formation of Christendom, von H. Hagemann.

1134 1035 788 34 Dümmler, Auxilius und Vulgarius, von Hefele.

1131 1071 979 37 Garrucci, Dissertazioni archeologiche, von F. X. Kraus.

1133 1108 756 36 Stabell, Lebensbilder der Heiligen, von Keſſel.

1137 1146 915 36 Stöckl, Geſchichte der Philoſophie, 2. Band, von Werner.

1184 1199 793 35 Ferner ſind zur Beſprechung in Ausſicht genommen:

1134 1243 722 36 Friedrich, das wahre Zeitalter des h. Rupert.

1130 1279 786 36 Guizot, Meditations sur la religion chrétienne.

1125 1317 795 37 Kugler, Studien zur Geſchichte des 2. Kreuzzugs.

1134 1353 473 33 Wilkens, Fray Luis de Leon.

1166 1402 970 39 Correſpondenz der Redaction ⁸⁄₇ — Nro. 60: Die Bücher

1134 1443 998 36 ſind an Sie abgeſandt. — Nro. 64: Verbindlichſten Dank. — Nro.

1124 1477 1012 38 75: Richtig erhalten, wird bald zurückgeſendet. — Nro. 82: Dan⸗

1124 1513 1009 38 kend erhalten. — Nro. 94: G. an Sie abgeſandt. Artikel über W.

1125 1548 1026 37 erhalten. Für die Mittheilungen meinen Dank. — Nro. 149:

1125 1585 1008 36 Brief erhalten? — Nro. 154: Noch immer nichts? — Nro. 184:

1137 1620 996 40 Dankend erhalten. Das Blatt erſcheint ſo regelmäßig wie bisher:

1134 1657 707 36 Sie haben doch die frühern Nummern erhalten?

1182 1710 956 39 Die Herren Verlagsbuchhändler werden gebeten, Recen⸗

1124 1750 1009 35 ſionz⸗Exemplare von neuen theologiſchen und verwandten Büchern

1125 1786 1011 36 und Broſchüren möglichſt früh durch Herrn A. Henry an die

1133 1825 1005 33 Redaction gelangen zu laſſen, — Predigten, Erbauungsbücher, Volks⸗

1134 1861 1005 35 ſchriften, Gedichte u. dgl. und Bücher, die vor 1866 erſchienen ſind,

1124 1899 289 31 nur auf Verlangen.

878 1985 453 35 Anzeigen.

105 2036 251 32 So eben erſchien:

513 2075 114 31 Kleines

320 2148 492 40 Cöthener Gebetbuch

542 2201 55 31 von

359 2253 399 39 J. P. Devis, S. J.

510 2303 104 38 Auszug

245 2355 648 36 aus dem Gebet⸗ und Erbauungsbuch

383 2394 361 34 von demſelben Verfaſſer.

311 2439 511 34 Mit 1 Stahlſtiche und farbigem Titel.

207 2481 717 37 38 Bogen Taſchen⸗Format auf weißem Papier.

404 2532 304 33 Ladenpreis 17 Sgr.

104 2569 960 38 Die Taſchen⸗Ausgabe erfüllt den oft und allſeitig geäußerten

69 2605 999 38 Wunſch, das berühmte und allgemein als das beſte anerkannte

57 2643 1016 37 Gebetbuch, unter dem Titel: „Cöthener Gebet⸗ und Erbauungsbuch

57 2679 1022 40 von J. P. Devis, S. J.” in einem kleineren und bequemeren For⸗

66 2724 221 31 mat zu erhalten.

93 2753 978 38 Der reiche Inhalt iſt weſentlich derſelbe geblieben, nur wenig iſt

56 2791 900 36 ausgeſchieden, Vieles vereinfacht und zweckmäßiger vertheilt.

183 2840 842 37 Coppenrath’ſche Buchhandlung in Münſter.

90 2905 972 36 In der Joſ. Köſel’ſchen Buchh. in Kempten iſt erſchienen und

68 2946 568 33 durch alle Buchhandlungen zu beziehen:

57 2986 954 39 Breviarium romanum. 4 Bände. 8. 6 Thlr. 15 Sgr. od. 11 Fl.

375 3024 686 37 — — in 1 Bande. 8. 3 Thl. 6 Sgr. od. 5 Fl. 24 Kr.

1130 2032 996 35 Cantus ecclesiasticus sacrae historiae Passionis D. N. I. Ch. fol.

1202 2067 390 34 1 Thlr. oder 1 Fl. 48 Kr.

1130 2106 1000 33 Euchologium graeco-latinum, complectens pias preces, medita-

1199 2142 933 34 tiones hymnosque sacros. Complectens Dr. L. C. Gratz.

1199 2176 505 35 2 Aufl. 8. 15 Sgr. oder 48 Kr.

1128 2214 1019 36 Gratz, Dr L. C., Erd⸗ und Länderkunde der h. Schrift. gr. 12.

1206 2250 302 34 14 Sgr. oder 42 Kr.

1124 2287 1013 33 Hafner, geiſtliches Andenken. Ein Gebet⸗ und Erbauungsbuch

1197 2322 935 34 für das kath. Volk. gr. 12. Zweite Aufl. 16 Sgr. oder 54 Kr.

1128 2361 1002 33 Horae diurnae Breviarii romani. 18. 25 Sgr. oder 1 Fl. 21 Kr.

1658 2395 469 35 — — — — 8. 1 Thlr. 24 Sgr. oder 3 Fl.

1127 2434 1006 33 Jais, guter Samen auf ein gutes Erdreich. Ein Lehr⸗ und Gebet⸗

1211 2470 370 32 buch. 9 Sgr. oder 30 Kr.

1128 2506 1002 33 Köpf, Paläſtina, oder topogr. Darſtellung des bibliſchen Schau⸗

1200 2542 942 33 platzes, verbunden mir einer Welt⸗ und Religionsgeſchichte. Mit

1199 2578 888 33 3 Landkarten. gr. 8. 1 Thlr. 3 Sgr. oder 1 Fl. 54 Kr.

1124 2613 1008 36 Missale romanum. fol. 1865. 6½ Thlr. oder 11 Fl. — mit

1202 2652 925 33 dem prachtvollen chromolithogr. Titelbilde 8½ Thlr. oder 14 Fl.

1124 2688 739 33 Missae Defunctorum. fol. 15 Sgr. oder 54 Kr.

1119 2725 1008 35 Officium hebdomadae sanctae secundum Missale et Brev. rom.

1184 2758 468 35 8. 1 Thlr. oder 1 Fl. 36 Kr.

1118 2796 1002 34 Vademecum pierum sacerdotum, sive Exercitia et Preces in

1200 2832 927 34 usum sacerdotum tum religiosorum tum saecularium se-

1200 2871 921 33 lectae. Nova editio, recognita atque appendice et indice

1205 2907 619 33 aucta. 1866. 24. 15 Sgr. oder 48 Kr.

1125 2946 1002 37 Sämmtliche Werke der Kirchenväter, aus dem Urtexte in das

1197 2983 930 36 Deutſche überſetzt. Dritte Auflage. 39 Bände gr. 8. Preis

1196 3023 581 34 per Band 27 Sgr. oder 1 Fl. 30 Kr.

191 3078 1794 36 Verantw Redacteur Prof. Reuſch. —Verlag von A. Henry in Bonn. — Druck von Carl Georgi in Bonn.
