2218 2478
752 50 796 70 Regiſter zu dem Jahrgang 1866.

894 174 441 37 Die Ziffern bezeichnen die Spalten.

807 357 563 40 I. Verzeichniß der Mitarbeiter.

80 435 981 46 Dr. Joſeph Bach, Privatdocent der Theologie zu München 496.

80 471 919 48 Dr. Ferdinand Ballay, biſchöfl. Bibliothekar zu Raab 145.

86 507 1006 51 Dr. Joſeph Bauerband, Geh. Juſtizrath u. Prof. der Rechte zu

150 546 150 33 Bonn 361.

72 580 1017 48 Dr. Peter Beckmann, Oberlehrer an der Realſchule zu Münſter

164 618 198 34 250. 633. 781.

77 652 1020 48 Dr. Franz Xaver Dieringer, Domcapitular u. Prof. der Theo⸗

146 691 582 39 logie zu Bonn 5. 131. 221. 241. 417.

77 723 714 44 Dr. Auguſt von Druffel zu München 817.

77 760 928 44 Dr. Peter Dubelman, Pf. zu Euskirchen, Diöc. Köln 283.

74 795 949 45 Dr. Leonhard Ennen, Stadtarchivar zu Köln 473. 692. 853.

74 831 1008 46 Dr. Bernhard von Florencourt zu Paderborn 277. 407. 575.

68 867 870 43 Dr. Anton Gmelch, Pf. zu Balzers in Lichtenſtein 216.

77 904 997 50 Dr. Eduard Göbel, Director des Gymnaſiums zu Fulda 46.

153 942 132 31 255. 498.

75 976 1016 53 Dr. Heinrich Hagemann, Prof. der Theologie zu Hildesheim 70.

153 1011 291 39 390. 481. 732. 767.

72 1047 996 54 Dr. Daniel Bonifaz von Haneberg, Abt zu St. Bonifaz u. Prof

144 1083 894 54 der Theologie zu München 33. 57. 82. 89. 313. 351. 771.

81 1119 819 51 Dr. Heinrich Hayd zu München 287. 659. 744. 775.

71 1156 1012 53 Dr. Carl Joſeph von Hefele, Prof. der Theologie zu Tübingen

146 1194 214 36 451. 482. 569.

68 1225 772 50 Dr. C. Henke, Prof. der Theologie zu Trier 309.

68 1264 1003 51 Dr. J. Hergenröther, Prof. der Theologie zu Würzburg 446.

141 1302 212 37 475. 512. 543.

71 1338 901 48 Dr. Anton Heuſer, Subregens im Seminar zu Köln 188.

71 1374 1005 52 Dr. Franz Hettinger, Prof. der Theologie zu Würzburg 153. 703.

62 1410 885 49 Dr. B. J. Hilgers, Prof. der Theologie zu Bonn 157.

75 1446 1018 53 Franz Hülskamp, Herausgeber des ‚Literariſchen Handweiſers’

138 1483 245 33 zu Münſter 824.

68 1516 1013 54 Dr. Johann Janſſen, Prof. der Geſchichte zu Frankfurt a. M. 332.

63 1555 1008 53 Dr. Magnus Jocham, Prof. der Theologie zu Freiſing 9. 144.

144 1593 140 33 260. 384.

68 1624 1002 57 Dr. Franz Wilhelm Kampſchulte, Prof. der Geſchichte zu Bonn

143 1664 144 33 271. 673.

71 1699 994 54 Dr. J. M. Katzenberger, Prof. der Philoſophie zu Bamberg

137 1738 201 33 202. 363. 813

65 1768 968 53 Dr. Franz Kaulen, Privatdocent der Theologie zu Bonn 173.

68 1804 978 53 Dr. Johann Kayſer, Prof. der Philoſophie zu Paderborn 412.

68 1842 979 49 Dr. L. Kellner, Regierungs⸗ u. Schulrath zu Trier 212. 859.

65 1878 1006 52 Dr. Johann Hubert Keffel, Pf. zu Alfter, Diöc. Köln 343. 843.

60 1911 947 55 Dr. Peter Kneedt, Prof. der Philoſophie zu Bonn 167. 205.

59 1948 886 51 Dr. Joſeph König, Prof. der Theologie zu Freiburg 833.

59 1986 834 49 Dr. Joſeph Köſſing, Domcapitular zu Freiburg 318.

62 2022 970 51 Dr. Franz X. Kraus zu Pfalzel bei Trier 484. 517. 606. 640.

56 2058 1015 55 Dr. Joh. Bapt. Kraus, Lyceal⸗Rector u. Prof. der Theologie zu

143 2098 219 33 Regensburg 572.

56 2128 1022 54 Dr. Joſeph Langen, Prof. der Theologie zu Bonn 24. 38. 61.

138 2169 702 42 225. 300. 369. 406. 505. 537. 697. 729. 837.

62 2200 945 54 Fr. X. Linſenmann, Repetent im Convict zu Tübingen 793.

63 2236 882 50 Dr. Hugo Lörſch, Privatdocent der Rechte zu Bonn 528

57 2274 1002 54 Dr. Adalbert Maier, Geiſtl. Rath u. Prof. der Theologie zu

141 2317 192 36 Freiburg 337.

1146 447 761 43 Dr. J. Marx, Prof. der Theologie zu Trier 831.

1149 483 1010 49 Dr. Wilhelm Mattes, Stadtpfarrer zu Weingarten in Würtem⸗

1220 523 472 38 berg (früher zu Böttingen) 381.

1149 555 1001 52 Dr. Georg Karl Mayer, Domcapitular u. Prof. der Theologie zu

1227 592 279 41 Bamberg 441. 811.

1146 627 866 49 Dr. M. Merkle, Prof. der Theologie zu Dillingen 353.

1143 666 1005 51 Dr. Friedrich Michelis, Prof. der Philoſophie zu Braunsberg

1215 705 137 31 113. 757.

1143 735 1014 54 Dr. Joſeph Neuhäuſer, Prof. der Philoſophie zu Bonn 557.

1211 774 235 34 591. 621. 758.

1143 805 1010 54 Dr. Adalbert Parmet, Privatdocent der Philologie zu Münſter 271.

1142 844 1018 51 Dr. Joſeph Peters, Prof. der Theologie zu Luxemburg 554. 796.

1140 879 1019 55 Dr. Laurenz Reinke, Domcapitular u. Prof. der Theologie zu

1224 918 173 37 Münſter 92.

1143 957 797 42 J. Reiſer, Repetent im Convict zu Tübingen 840.

1136 991 1029 50 Dr. Fr. Heinrich Reuſch, Prof. der Theologie zu Bonn 1. 22. 52.

1214 1030 949 47 73. 94. 100. 129. 139. 185. 218. 261. 281. 291. 297. 358.

1218 1065 882 46 401. 428. 453. 494. 520. 551. 601. 629. 742. 761. 860.

1136 1099 884 47 Dr. Joh. Joſ. Roßbach, Rechtsrath zu Würzburg 848.

1136 1135 849 48 Dr. Laurenz Roth, Prof. der Theologie zu Bonn 159.

1142 1171 887 48 Dr. Anton Ruland, Oberbibliothekar zu Würzburg 721.

1137 1209 1025 49 Dr. Hermann Rump, Herausgeber des ‚Literariſchen Handweiſers’

1209 1248 578 38 zu Marienthal bei Münſter 192. 305.

1137 1278 886 49 Dr. Peter Schegg, Prof. der Theologie zu Freiſing 121.

1142 1318 1002 48 Dr. Aloys Schmid, Prof. der Theologie zu München (früher

1221 1356 927 48 Prof. der Philoſophie zu Dillingen) 586. 612. 644. 675. 707.

1136 1389 875 46 Dr. J. Schmitz, Prof. am Lyceum zu Regensburg 490.

1134 1425 1001 49 Dr. J. Friedrich Schulte, Prof. der Rechte zu Prag 10. 102

1209 1464 381 39 246. 285. 388. 683. 740.

1134 1497 1003 48 Gerhard Schündelen, Pfarrer zu Spellen, Diöc. Münſter 799.

1133 1534 947 48 Dr. J. Schwab, q. Prof. der Theologie zu Würzburg 665.

1136 1570 1003 50 Dr. Iſidor Silbernagl, Prof. des Kirchenrechts zu München 78 684.

1137 1608 1004 49 Lic. Theophil Simar, Prof. der Theologie zu Bonn 43. 194. 317.

1199 1644 216 37 415. 525. 654

1139 1681 943 47 Albert Gereon Stein, Pfarrer von St. Urſula zu Köln 326.

1137 1717 998 48 Dr Ferdinand Stiefelhagen, Pf. zu Cuchenheim, Diöc. Köln

1200 1752 229 36 245. 265. 749.

1124 1789 1009 47 Theodor Stumpf, Oberlehrer am Gymnaſium zu Coblenz 105.

1215 1827 208 36 147. 396. 782.

1131 1857 1005 51 Dr. Valentin Thalhofer, Prof. der Theologie zu München 487. 807.

1127 1894 972 51 Dr. Andreas Thiel, Prof. der Theologie zu Braunsberg 325.

1137 1932 1011 49 Dr. Carl Tücking, Oberlehrer am Gymnasium zu Arnsberg 210.

1196 1969 141 35 238. 470.

1134 2007 1007 46 Dr. Christian Hermann Boſen, Religionslehrer am Gymnaſium

1208 2044 402 36 an Marzellen zu Köln 459.

1137 2079 993 48 Hermann Wedewer, Prof. u. Inſpector der Selectenſchule zu

1208 2118 342 34 Fraukfurt a. M. 463.

1133 2149 979 48 Dr. Benedict Weinhart, Prof. der Theologie zu Freiſing 341.

1122 2184 1016 52 Dr. Carl Werner, Domcapitular u. Prof. der Theologie zu St.

1202 2224 725 38 Pölten 18. 235. 269. 377. 598. 685. 715. 780.

1125 2260 1013 47 Dr Cornelius Will, Archivar des Fürſten von Thurn u. Taxis

1202 2301 304 31 zu Regensburg 755.

1128 2331 1004 49 P. Pius Zingerle, Benedictiner zu Marienberg in Tirol 117. 561.
