<?xml version="1.0" encoding="UTF-8"?>
<alto xmlns:xsi="http://www.w3.org/2001/XMLSchema-instance"
      xmlns="http://www.loc.gov/standards/alto/ns-v4#"
      xmlns:page="http://schema.primaresearch.org/PAGE/gts/pagecontent/2013-07-15"
      xsi:schemaLocation="http://www.loc.gov/standards/alto/ns-v4# https://www.loc.gov/standards/alto/v4/alto.xsd">
   <Description>
      <MeasurementUnit>pixel</MeasurementUnit>
      <OCRProcessing ID="IdOcr">
         <ocrProcessingStep>
            <processingDateTime>2021-07-15T07:42:50.158+02:00</processingDateTime>
            <processingSoftware>
               <softwareCreator>READ COOP</softwareCreator>
               <softwareName>Transkribus</softwareName>
            </processingSoftware>
         </ocrProcessingStep>
      </OCRProcessing>
   </Description>
   <Layout>
      <Page ID="Page1" PHYSICAL_IMG_NR="1" HEIGHT="3047" WIDTH="2202">
         <TopMargin HEIGHT="0" WIDTH="2202" VPOS="0" HPOS="0"/>
         <LeftMargin HEIGHT="3047" WIDTH="0" VPOS="0" HPOS="0"/>
         <RightMargin HEIGHT="3047" WIDTH="0" VPOS="0" HPOS="2202"/>
         <BottomMargin HEIGHT="0" WIDTH="2202" VPOS="3047" HPOS="0"/>
         <PrintSpace HEIGHT="3047" WIDTH="2202" VPOS="0" HPOS="0">
            <TextBlock ID="TextRegion_1618899787253_8"
                       HEIGHT="77"
                       WIDTH="2097"
                       VPOS="44"
                       HPOS="49">
               <Shape>
                  <Polygon POINTS="49,53 2133,44 2146,114 52,121"/>
               </Shape>
               <TextLine ID="r1l4"
                         BASELINE="62,99 95,99 128,102"
                         HEIGHT="33"
                         WIDTH="66"
                         VPOS="79"
                         HPOS="62">
                  <String ID="string_r1l4"
                          HEIGHT="33"
                          WIDTH="66"
                          VPOS="79"
                          HPOS="62"
                          CONTENT="151"/>
               </TextLine>
               <TextLine ID="line_1618899856003_39"
                         BASELINE="611,98 636,98 661,98 686,96 711,96 737,96 762,96 787,95 812,95 838,95 863,95 888,95 913,95 938,96 964,96 989,96 1014,96 1039,97 1065,98 1103,95 1129,95 1155,95 1182,93 1208,93 1234,93 1261,93 1287,93 1313,93 1340,93 1366,93 1392,93 1419,93 1445,93 1471,93 1498,93 1524,93 1550,93 1577,92"
                         HEIGHT="36"
                         WIDTH="966"
                         VPOS="72"
                         HPOS="611">
                  <String ID="string_line_1618899856003_39"
                          HEIGHT="36"
                          WIDTH="966"
                          VPOS="72"
                          HPOS="611"
                          CONTENT="Nr. 5 — Theologiſches Literaturblatt — 1866."/>
               </TextLine>
               <TextLine ID="r1l1"
                         BASELINE="2057,90 2084,92 2111,91 2138,90"
                         HEIGHT="32"
                         WIDTH="81"
                         VPOS="70"
                         HPOS="2057">
                  <String ID="string_r1l1"
                          HEIGHT="32"
                          WIDTH="81"
                          VPOS="70"
                          HPOS="2057"
                          CONTENT="152"/>
               </TextLine>
            </TextBlock>
            <TextBlock ID="TextRegion_1618899817821_28"
                       HEIGHT="1984"
                       WIDTH="1036"
                       VPOS="131"
                       HPOS="56">
               <Shape>
                  <Polygon POINTS="56,131 1092,131 1092,2115 56,2115"/>
               </Shape>
               <TextLine ID="r1l6"
                         BASELINE="68,189 117,191 167,192 216,194 266,194 316,195 365,195 415,195 465,194 514,194 564,194 614,194 663,192 713,192 763,192 812,192 862,191 912,191 961,191 1011,191 1061,192"
                         HEIGHT="36"
                         WIDTH="993"
                         VPOS="169"
                         HPOS="68">
                  <String ID="string_r1l6"
                          HEIGHT="36"
                          WIDTH="993"
                          VPOS="169"
                          HPOS="68"
                          CONTENT="Bild eines aufrichtigen Mannes entgegen.” Schließlich meint"/>
               </TextLine>
               <TextLine ID="r1l8"
                         BASELINE="68,236 118,236 168,237 218,237 269,237 319,237 369,237 420,236 470,236 520,236 571,236 621,236 671,236 721,236 772,234 822,234 872,234 923,234 973,234 1023,236 1074,236"
                         HEIGHT="33"
                         WIDTH="1006"
                         VPOS="214"
                         HPOS="68">
                  <String ID="string_r1l8"
                          HEIGHT="33"
                          WIDTH="1006"
                          VPOS="214"
                          HPOS="68"
                          CONTENT="er: „Das lehrreichſte Geſtändniß legt N. in den Worten ab:"/>
               </TextLine>
               <TextLine ID="r1l10"
                         BASELINE="74,276 123,278 173,279 222,279 272,280 321,281 371,281 420,280 470,279 519,279 569,279 618,278 668,278 717,278 767,276 816,276 866,276 915,276 965,278 1014,278 1064,279"
                         HEIGHT="35"
                         WIDTH="990"
                         VPOS="256"
                         HPOS="74">
                  <String ID="string_r1l10"
                          HEIGHT="35"
                          WIDTH="990"
                          VPOS="256"
                          HPOS="74"
                          CONTENT="»Ich bemerkte (nach meinem Uebertritte) nichts von Befeſtigung"/>
               </TextLine>
               <TextLine ID="r1l12"
                         BASELINE="71,320 121,321 171,323 221,323 271,323 321,323 371,323 421,323 471,323 521,323 571,321 621,321 671,321 721,321 771,321 821,321 871,321 921,321 971,322 1021,323 1071,324"
                         HEIGHT="34"
                         WIDTH="1000"
                         VPOS="300"
                         HPOS="71">
                  <String ID="string_r1l12"
                          HEIGHT="34"
                          WIDTH="1000"
                          VPOS="300"
                          HPOS="71"
                          CONTENT="im Glauben an die Grundwahrheiten der Offenbarung, nichts"/>
               </TextLine>
               <TextLine ID="r1l14"
                         BASELINE="71,365 120,365 169,366 219,366 268,366 318,366 367,366 416,365 466,365 515,365 565,365 614,365 663,363 713,363 762,363 812,363 861,363 910,365 960,365 1009,366 1059,366"
                         HEIGHT="33"
                         WIDTH="988"
                         VPOS="343"
                         HPOS="71">
                  <String ID="string_r1l14"
                          HEIGHT="33"
                          WIDTH="988"
                          VPOS="343"
                          HPOS="71"
                          CONTENT="von größerer Kraft der Selbſtbeherrſchung; ich wurde nicht eifri⸗"/>
               </TextLine>
               <TextLine ID="r1l16"
                         BASELINE="74,410 123,410 173,410 223,408 272,408 322,408 372,408 421,408 471,407 521,407 571,407 620,407 670,407 720,407 769,407 819,407 869,407 918,407 968,407 1018,408 1068,408"
                         HEIGHT="33"
                         WIDTH="994"
                         VPOS="387"
                         HPOS="74">
                  <String ID="string_r1l16"
                          HEIGHT="33"
                          WIDTH="994"
                          VPOS="387"
                          HPOS="74"
                          CONTENT="ger; aber es war mir, als ob ich nach ſtürmiſcher Seefahrt in"/>
               </TextLine>
               <TextLine ID="r1l18"
                         BASELINE="74,450 123,450 172,450 222,450 271,450 320,450 370,450 419,450 468,450 518,450 567,450 616,450 666,450 715,449 764,449 814,450 863,450 912,450 962,450 1011,450 1061,450"
                         HEIGHT="31"
                         WIDTH="987"
                         VPOS="429"
                         HPOS="74">
                  <String ID="string_r1l18"
                          HEIGHT="31"
                          WIDTH="987"
                          VPOS="429"
                          HPOS="74"
                          CONTENT="den Hafen einliefe.« Alſo mehr Ruhe, das iſt der einzige ver⸗"/>
               </TextLine>
               <TextLine ID="r1l20"
                         BASELINE="63,495 112,495 162,495 212,494 262,494 312,494 361,494 411,494 461,492 511,492 561,492 610,492 660,492 710,492 760,492 810,492 859,492 909,492 959,492 1009,494 1059,494"
                         HEIGHT="33"
                         WIDTH="996"
                         VPOS="472"
                         HPOS="63">
                  <String ID="string_r1l20"
                          HEIGHT="33"
                          WIDTH="996"
                          VPOS="472"
                          HPOS="63"
                          CONTENT="meintliche Gewinn.” Wenn H. mit dieſem aus dem Zuſammen⸗"/>
               </TextLine>
               <TextLine ID="r1l22"
                         BASELINE="68,540 117,539 167,537 216,537 266,536 316,536 365,536 415,536 465,534 514,534 564,534 614,534 663,536 713,536 763,536 812,536 862,536 912,536 961,536 1011,537 1061,537"
                         HEIGHT="36"
                         WIDTH="993"
                         VPOS="514"
                         HPOS="68">
                  <String ID="string_r1l22"
                          HEIGHT="36"
                          WIDTH="993"
                          VPOS="514"
                          HPOS="68"
                          CONTENT="hange geriſſenen Satze bei ſeinen Leſern den Eindruck hervorrufen"/>
               </TextLine>
               <TextLine ID="r1l24"
                         BASELINE="65,581 115,581 165,581 215,579 265,579 315,579 365,579 416,579 466,579 516,579 566,579 616,579 666,579 716,579 767,579 817,579 867,579 917,579 967,579 1017,581 1068,581"
                         HEIGHT="32"
                         WIDTH="1003"
                         VPOS="559"
                         HPOS="65">
                  <String ID="string_r1l24"
                          HEIGHT="32"
                          WIDTH="1003"
                          VPOS="559"
                          HPOS="65"
                          CONTENT="will, als ob N. in der kath. Kirche nicht das gefunden, was er"/>
               </TextLine>
               <TextLine ID="r1l26"
                         BASELINE="60,627 112,626 165,624 217,623 270,623 322,621 375,621 428,621 480,621 533,621 585,621 638,621 690,621 743,621 796,623 848,623 901,623 953,623 1006,623 1059,623"
                         HEIGHT="36"
                         WIDTH="999"
                         VPOS="601"
                         HPOS="60">
                  <String ID="string_r1l26"
                          HEIGHT="36"
                          WIDTH="999"
                          VPOS="601"
                          HPOS="60"
                          CONTENT="geſucht, ſo muß er natürlich vorausſetzen, das ſeinen Leſern New⸗"/>
               </TextLine>
               <TextLine ID="r1l28"
                         BASELINE="60,666 110,666 160,665 210,665 260,665 310,665 360,665 410,665 460,665 510,665 561,665 611,665 661,665 711,665 761,665 811,665 861,665 911,666 961,666 1011,666 1062,666"
                         HEIGHT="31"
                         WIDTH="1002"
                         VPOS="645"
                         HPOS="60">
                  <String ID="string_r1l28"
                          HEIGHT="31"
                          WIDTH="1002"
                          VPOS="645"
                          HPOS="60"
                          CONTENT="man’s Schrift ſelbſt nicht zu Geſicht komme, in welcher, um"/>
               </TextLine>
               <TextLine ID="r1l31"
                         BASELINE="59,711 109,710 159,710 209,708 260,708 310,708 360,708 410,708 461,708 511,708 561,708 611,708 662,708 712,708 762,708 812,710 863,710 913,710 963,710 1013,710 1064,710"
                         HEIGHT="33"
                         WIDTH="1005"
                         VPOS="688"
                         HPOS="59">
                  <String ID="string_r1l31"
                          HEIGHT="33"
                          WIDTH="1005"
                          VPOS="688"
                          HPOS="59"
                          CONTENT="nur eine Stelle zu citiren, S. 343 Folgendes zu leſen iſt: „In"/>
               </TextLine>
               <TextLine ID="r1l33"
                         BASELINE="68,755 117,753 167,752 216,752 266,750 315,750 365,750 414,750 464,750 513,750 563,750 613,752 662,752 712,752 761,752 811,752 860,752 910,752 959,752 1009,752 1059,752"
                         HEIGHT="35"
                         WIDTH="991"
                         VPOS="730"
                         HPOS="68">
                  <String ID="string_r1l33"
                          HEIGHT="35"
                          WIDTH="991"
                          VPOS="730"
                          HPOS="68"
                          CONTENT="der kath. Kirche ſtand mir fortan eine Wirklichkeit vor Augen,"/>
               </TextLine>
               <TextLine ID="r1l35"
                         BASELINE="69,795 119,795 169,794 219,794 269,794 319,794 369,794 419,794 469,794 519,795 570,795 620,795 670,795 720,795 770,795 820,795 870,795 920,795 970,795 1020,794 1071,792"
                         HEIGHT="33"
                         WIDTH="1002"
                         VPOS="772"
                         HPOS="69">
                  <String ID="string_r1l35"
                          HEIGHT="33"
                          WIDTH="1002"
                          VPOS="772"
                          HPOS="69"
                          CONTENT="von welcher ich bis dahin keinen Begriff gehabt hatte. Ich ſah"/>
               </TextLine>
               <TextLine ID="r1l37"
                         BASELINE="65,839 114,838 164,837 214,837 264,837 314,837 363,837 413,837 463,837 513,837 563,837 612,837 662,837 712,838 762,839 812,839 861,837 911,837 961,837 1011,836 1061,836"
                         HEIGHT="33"
                         WIDTH="996"
                         VPOS="816"
                         HPOS="65">
                  <String ID="string_r1l37"
                          HEIGHT="33"
                          WIDTH="996"
                          VPOS="816"
                          HPOS="65"
                          CONTENT="auf ſie hin, auf ihre heiligen Gebräuche, ihren Gottesdienſt, ihre"/>
               </TextLine>
               <TextLine ID="r1l39"
                         BASELINE="69,879 118,879 168,879 218,879 268,881 317,881 367,881 417,881 467,881 516,881 566,881 616,881 666,881 715,881 765,881 815,881 865,881 914,879 964,879 1014,878 1064,878"
                         HEIGHT="33"
                         WIDTH="995"
                         VPOS="858"
                         HPOS="69">
                  <String ID="string_r1l39"
                          HEIGHT="33"
                          WIDTH="995"
                          VPOS="858"
                          HPOS="69"
                          CONTENT="Lehren und Gebote und ſagte mir: das iſt eine Religion. Und"/>
               </TextLine>
               <TextLine ID="r1l41"
                         BASELINE="66,924 115,924 165,923 215,923 265,923 314,923 364,923 414,923 464,923 513,923 563,923 613,923 663,923 712,923 762,923 812,923 862,923 911,921 961,921 1011,920 1061,920"
                         HEIGHT="34"
                         WIDTH="995"
                         VPOS="900"
                         HPOS="66">
                  <String ID="string_r1l41"
                          HEIGHT="34"
                          WIDTH="995"
                          VPOS="900"
                          HPOS="66"
                          CONTENT="blickte ich dann zurück auf die Armſeligkeit der anglicaniſchen"/>
               </TextLine>
               <TextLine ID="r1l43"
                         BASELINE="66,966 116,966 166,966 217,966 267,966 318,966 368,966 418,966 469,966 519,966 570,966 620,966 670,966 721,966 771,966 822,966 872,965 922,965 973,965 1023,963 1074,963"
                         HEIGHT="33"
                         WIDTH="1008"
                         VPOS="943"
                         HPOS="66">
                  <String ID="string_r1l43"
                          HEIGHT="33"
                          WIDTH="1008"
                          VPOS="943"
                          HPOS="66"
                          CONTENT="Kirche, für welche ich doch ſo heiß geſtritten hatte, und dachte"/>
               </TextLine>
               <TextLine ID="r1l45"
                         BASELINE="62,1010 111,1011 161,1011 211,1011 260,1011 310,1010 360,1010 409,1010 459,1010 509,1010 559,1010 608,1008 658,1008 708,1008 757,1008 807,1008 857,1008 906,1007 956,1007 1006,1007 1077,1011"
                         HEIGHT="34"
                         WIDTH="1014"
                         VPOS="987"
                         HPOS="62">
                  <String ID="string_r1l45"
                          HEIGHT="34"
                          WIDTH="1014"
                          VPOS="987"
                          HPOS="62"
                          CONTENT="ich dann an unſere mancherlei Verſuche, ſie dogmatiſch und aſthe⸗"/>
               </TextLine>
               <TextLine ID="r1l47"
                         BASELINE="69,1053 118,1053 167,1053 216,1053 266,1053 315,1053 364,1053 414,1053 463,1053 512,1053 562,1053 611,1053 660,1052 709,1052 759,1052 808,1052 857,1052 907,1050 956,1050 1005,1050 1055,1049"
                         HEIGHT="34"
                         WIDTH="986"
                         VPOS="1029"
                         HPOS="69">
                  <String ID="string_r1l47"
                          HEIGHT="34"
                          WIDTH="986"
                          VPOS="1029"
                          HPOS="69"
                          CONTENT="tiſch aufzuputzen, ſo kann mir das jetzt als die baarſte aller Rich⸗"/>
               </TextLine>
               <TextLine ID="r1l49"
                         BASELINE="65,1095 90,1097 115,1097 140,1097 166,1095 191,1095 216,1094 241,1095 267,1097"
                         HEIGHT="33"
                         WIDTH="202"
                         VPOS="1074"
                         HPOS="65">
                  <String ID="string_r1l49"
                          HEIGHT="33"
                          WIDTH="202"
                          VPOS="1074"
                          HPOS="65"
                          CONTENT="tigkeiten vor.”"/>
               </TextLine>
               <TextLine ID="r1l51"
                         BASELINE="101,1138 203,1139 248,1139 294,1139 339,1139 384,1139 430,1139 475,1139 520,1139 566,1139 611,1139 656,1139 702,1138 747,1137 792,1137 838,1137 883,1136 928,1136 974,1136 1019,1135 1065,1134"
                         HEIGHT="35"
                         WIDTH="907"
                         VPOS="1114"
                         HPOS="158">
                  <String ID="string_r1l51"
                          HEIGHT="35"
                          WIDTH="907"
                          VPOS="1114"
                          HPOS="158"
                          CONTENT="— Von der bekannten Schrift „Ein biſchöfliches Wort"/>
               </TextLine>
               <TextLine ID="r1l54"
                         BASELINE="65,1181 114,1181 164,1181 214,1181 264,1181 314,1182 364,1182 413,1182 463,1182 513,1182 563,1182 613,1182 663,1182 713,1182 762,1181 812,1181 862,1181 912,1181 962,1179 1012,1179 1062,1178"
                         HEIGHT="34"
                         WIDTH="997"
                         VPOS="1158"
                         HPOS="65">
                  <String ID="string_r1l54"
                          HEIGHT="34"
                          WIDTH="997"
                          VPOS="1158"
                          HPOS="65"
                          CONTENT="an die Proteſtanten Deutſchlands, von Dr. Konrad Martin,"/>
               </TextLine>
               <TextLine ID="r1l55"
                         BASELINE="65,1223 114,1223 164,1223 214,1224 264,1224 314,1224 364,1224 413,1224 463,1224 513,1224 563,1224 613,1224 663,1224 713,1224 762,1224 812,1224 862,1224 912,1223 962,1223 1012,1222 1062,1221"
                         HEIGHT="33"
                         WIDTH="997"
                         VPOS="1201"
                         HPOS="65">
                  <String ID="string_r1l55"
                          HEIGHT="33"
                          WIDTH="997"
                          VPOS="1201"
                          HPOS="65"
                          CONTENT="Biſchof von Paderborn” iſt eine vierte Auflage in kleinerm For⸗"/>
               </TextLine>
               <TextLine ID="r1l56"
                         BASELINE="72,1269 121,1268 171,1268 220,1268 270,1266 319,1266 369,1266 418,1266 468,1266 517,1266 567,1266 616,1266 666,1266 715,1266 765,1266 814,1266 864,1266 913,1266 963,1266 1012,1265 1062,1265"
                         HEIGHT="34"
                         WIDTH="990"
                         VPOS="1245"
                         HPOS="72">
                  <String ID="string_r1l56"
                          HEIGHT="34"
                          WIDTH="990"
                          VPOS="1245"
                          HPOS="72"
                          CONTENT="mat und zu billigerm Preiſe (12 Sgr.) erſchienen. Wenn dieſe"/>
               </TextLine>
               <TextLine ID="r1l58"
                         BASELINE="69,1311 119,1311 169,1311 219,1311 269,1310 319,1310 369,1310 419,1310 469,1310 519,1310 569,1310 619,1310 669,1310 719,1308 769,1308 819,1308 869,1308 919,1308 969,1308 1019,1307 1070,1307"
                         HEIGHT="34"
                         WIDTH="1001"
                         VPOS="1287"
                         HPOS="69">
                  <String ID="string_r1l58"
                          HEIGHT="34"
                          WIDTH="1001"
                          VPOS="1287"
                          HPOS="69"
                          CONTENT="Auflage ausdrücklich als „unverändert” bezeichnet wird, ſo kann"/>
               </TextLine>
               <TextLine ID="r1l60"
                         BASELINE="59,1353 109,1353 159,1353 210,1353 260,1353 311,1352 361,1352 412,1352 462,1352 513,1350 563,1350 613,1350 664,1350 714,1350 765,1350 815,1350 866,1350 916,1350 967,1350 1017,1350 1068,1350"
                         HEIGHT="33"
                         WIDTH="1009"
                         VPOS="1330"
                         HPOS="59">
                  <String ID="string_r1l60"
                          HEIGHT="33"
                          WIDTH="1009"
                          VPOS="1330"
                          HPOS="59"
                          CONTENT="Ref. nicht umhin, ſein Bedauern darüber auszuſprechen, daß"/>
               </TextLine>
               <TextLine ID="r1l62"
                         BASELINE="62,1395 111,1395 161,1395 211,1394 261,1394 311,1394 361,1394 410,1394 460,1394 510,1394 560,1392 610,1392 660,1392 710,1392 759,1392 809,1392 859,1392 909,1392 959,1392 1009,1391 1059,1391"
                         HEIGHT="34"
                         WIDTH="997"
                         VPOS="1371"
                         HPOS="62">
                  <String ID="string_r1l62"
                          HEIGHT="34"
                          WIDTH="997"
                          VPOS="1371"
                          HPOS="62"
                          CONTENT="nicht die factiſchen Ungenauigkeiten und Verſehen, die ſich eingeſchli⸗"/>
               </TextLine>
               <TextLine ID="r1l65"
                         BASELINE="60,1439 110,1437 160,1437 210,1437 260,1437 310,1437 360,1436 410,1436 460,1436 510,1436 560,1436 610,1434 660,1434 710,1434 760,1434 810,1434 860,1434 910,1434 960,1433 1010,1433 1061,1433"
                         HEIGHT="36"
                         WIDTH="1001"
                         VPOS="1413"
                         HPOS="60">
                  <String ID="string_r1l65"
                          HEIGHT="36"
                          WIDTH="1001"
                          VPOS="1413"
                          HPOS="60"
                          CONTENT="chen hatten, berichtigt, einige Unebenheiten und Mängel in der"/>
               </TextLine>
               <TextLine ID="r1l67"
                         BASELINE="72,1482 121,1482 171,1481 220,1481 270,1479 320,1479 369,1479 419,1479 469,1478 518,1478 568,1478 618,1478 667,1478 717,1476 767,1476 816,1476 866,1476 916,1476 965,1475 1015,1475 1065,1475"
                         HEIGHT="37"
                         WIDTH="993"
                         VPOS="1455"
                         HPOS="72">
                  <String ID="string_r1l67"
                          HEIGHT="37"
                          WIDTH="993"
                          VPOS="1455"
                          HPOS="72"
                          CONTENT="Form beſeitigt und diejenigen Stellen, welche zu ſo vielen An⸗"/>
               </TextLine>
               <TextLine ID="r1l69"
                         BASELINE="71,1523 120,1523 170,1524 220,1524 270,1523 320,1523 369,1523 419,1523 469,1523 519,1521 569,1521 618,1521 668,1520 718,1520 768,1520 818,1518 867,1518 917,1518 967,1518 1017,1517 1067,1517"
                         HEIGHT="37"
                         WIDTH="996"
                         VPOS="1497"
                         HPOS="71">
                  <String ID="string_r1l69"
                          HEIGHT="37"
                          WIDTH="996"
                          VPOS="1497"
                          HPOS="71"
                          CONTENT="griffen gegen den Verf. Anlaß gegeben, durch Eräuterungen"/>
               </TextLine>
               <TextLine ID="r1l71"
                         BASELINE="66,1566 116,1566 166,1566 216,1566 266,1566 317,1566 367,1566 417,1566 467,1566 517,1566 568,1566 618,1566 668,1566 718,1565 768,1565 819,1565 869,1563 919,1563 969,1562 1019,1560 1070,1559"
                         HEIGHT="37"
                         WIDTH="1004"
                         VPOS="1539"
                         HPOS="66">
                  <String ID="string_r1l71"
                          HEIGHT="37"
                          WIDTH="1004"
                          VPOS="1539"
                          HPOS="66"
                          CONTENT="oder eine andere Faſſung gegen Mißverſtändniſſe ſicher geſtellt"/>
               </TextLine>
               <TextLine ID="r1l74"
                         BASELINE="69,1611 97,1610 125,1608 153,1608 181,1608 209,1608 237,1608"
                         HEIGHT="33"
                         WIDTH="168"
                         VPOS="1588"
                         HPOS="69">
                  <String ID="string_r1l74"
                          HEIGHT="33"
                          WIDTH="168"
                          VPOS="1588"
                          HPOS="69"
                          CONTENT="worden ſind."/>
               </TextLine>
               <TextLine ID="r1l76"
                         BASELINE="100,1664 218,1661 262,1661 307,1661 351,1661 395,1661 440,1661 484,1659 528,1659 573,1659 617,1659 661,1659 706,1659 750,1658 794,1658 839,1658 883,1658 927,1656 972,1656 1016,1655 1061,1655"
                         HEIGHT="37"
                         WIDTH="887"
                         VPOS="1635"
                         HPOS="174">
                  <String ID="string_r1l76"
                          HEIGHT="37"
                          WIDTH="887"
                          VPOS="1635"
                          HPOS="174"
                          CONTENT="— Prof. Reinkens zu Breslau hat die bei der Uebernahme"/>
               </TextLine>
               <TextLine ID="r1l78"
                         BASELINE="63,1704 112,1704 162,1704 212,1704 262,1704 312,1704 361,1704 411,1704 461,1704 511,1704 561,1703 610,1703 660,1703 710,1703 760,1703 810,1701 859,1701 909,1701 959,1700 1009,1699 1059,1698"
                         HEIGHT="36"
                         WIDTH="996"
                         VPOS="1678"
                         HPOS="63">
                  <String ID="string_r1l78"
                          HEIGHT="36"
                          WIDTH="996"
                          VPOS="1678"
                          HPOS="63"
                          CONTENT="des Rectorates gehaltene Rede dem Drucke übergeben. Der Titel"/>
               </TextLine>
               <TextLine ID="r1l80"
                         BASELINE="60,1749 109,1749 159,1748 209,1748 259,1748 309,1746 359,1746 409,1746 459,1746 509,1746 559,1746 608,1746 658,1746 708,1746 758,1746 808,1746 858,1745 908,1745 958,1743 1008,1743 1058,1742"
                         HEIGHT="37"
                         WIDTH="998"
                         VPOS="1722"
                         HPOS="60">
                  <String ID="string_r1l80"
                          HEIGHT="37"
                          WIDTH="998"
                          VPOS="1722"
                          HPOS="60"
                          CONTENT="lautet: „Die Geſchichtsphiloſophie des heiligen Au⸗"/>
               </TextLine>
               <TextLine ID="r1l82"
                         BASELINE="56,1794 105,1793 155,1793 205,1791 255,1791 305,1791 354,1791 404,1790 454,1790 504,1790 554,1790 603,1790 653,1790 703,1790 753,1788 803,1788 852,1788 902,1787 952,1785 1002,1785 1078,1786"
                         HEIGHT="40"
                         WIDTH="1021"
                         VPOS="1764"
                         HPOS="56">
                  <String ID="string_r1l82"
                          HEIGHT="40"
                          WIDTH="1021"
                          VPOS="1764"
                          HPOS="56"
                          CONTENT="guſtinus. Mit einer Kritik der Beweisführung des Mate⸗"/>
               </TextLine>
               <TextLine ID="r1l85"
                         BASELINE="57,1836 107,1835 158,1835 208,1835 259,1833 309,1833 360,1833 410,1833 461,1833 511,1833 562,1832 613,1832 663,1832 714,1832 764,1832 815,1832 865,1830 916,1830 966,1830 1017,1829 1068,1829"
                         HEIGHT="37"
                         WIDTH="1011"
                         VPOS="1809"
                         HPOS="57">
                  <String ID="string_r1l85"
                          HEIGHT="37"
                          WIDTH="1011"
                          VPOS="1809"
                          HPOS="57"
                          CONTENT="rialismus gegen die Exiſtenz des Geiſtes” (Schaffhauſen, Hurter"/>
               </TextLine>
               <TextLine ID="r1l87"
                         BASELINE="68,1877 117,1877 167,1877 216,1877 266,1877 316,1877 365,1877 415,1877 465,1877 514,1877 564,1877 614,1877 663,1875 713,1875 763,1875 812,1875 862,1874 912,1874 961,1872 1011,1872 1061,1871"
                         HEIGHT="36"
                         WIDTH="993"
                         VPOS="1851"
                         HPOS="68">
                  <String ID="string_r1l87"
                          HEIGHT="36"
                          WIDTH="993"
                          VPOS="1851"
                          HPOS="68"
                          CONTENT="1881, 41 S. 8.). — Reden bei feierlichen Anläſſen ſind als"/>
               </TextLine>
               <TextLine ID="r1l88"
                         BASELINE="65,1919 115,1919 165,1919 215,1919 265,1919 315,1919 365,1919 415,1919 465,1919 515,1919 566,1919 616,1919 666,1919 716,1919 766,1919 816,1917 866,1917 916,1917 966,1916 1016,1916 1067,1914"
                         HEIGHT="35"
                         WIDTH="1002"
                         VPOS="1894"
                         HPOS="65">
                  <String ID="string_r1l88"
                          HEIGHT="35"
                          WIDTH="1002"
                          VPOS="1894"
                          HPOS="65"
                          CONTENT="Programme und Geſinnungsäußerungen aufzufaſſen, bei welchen"/>
               </TextLine>
               <TextLine ID="r1l90"
                         BASELINE="66,1962 118,1962 171,1962 223,1962 276,1962 328,1962 381,1962 434,1962 486,1962 539,1962 591,1962 644,1962 696,1961 749,1961 802,1961 854,1960 907,1959 959,1959 1012,1958 1065,1956"
                         HEIGHT="36"
                         WIDTH="999"
                         VPOS="1936"
                         HPOS="66">
                  <String ID="string_r1l90"
                          HEIGHT="36"
                          WIDTH="999"
                          VPOS="1936"
                          HPOS="66"
                          CONTENT="die Opportunitätsfrage in erſter Linie ſteht. R. hat ſich zum"/>
               </TextLine>
               <TextLine ID="r1l93"
                         BASELINE="66,2004 115,2004 164,2004 213,2004 263,2004 312,2004 361,2004 411,2004 460,2004 509,2004 559,2003 608,2003 657,2003 706,2003 756,2003 805,2001 854,2001 904,2001 953,2001 1002,2000 1075,1999"
                         HEIGHT="34"
                         WIDTH="1013"
                         VPOS="1980"
                         HPOS="66">
                  <String ID="string_r1l93"
                          HEIGHT="34"
                          WIDTH="1013"
                          VPOS="1980"
                          HPOS="66"
                          CONTENT="Gegenſtande ſeiner Rede das unvergängliche Werk des h. Augu⸗"/>
               </TextLine>
               <TextLine ID="r1l95"
                         BASELINE="69,2049 118,2048 168,2046 217,2046 267,2046 317,2046 366,2045 416,2045 465,2045 515,2046 565,2046 614,2046 664,2046 713,2046 763,2046 813,2046 862,2045 912,2045 961,2044 1011,2043 1061,2042"
                         HEIGHT="37"
                         WIDTH="992"
                         VPOS="2022"
                         HPOS="69">
                  <String ID="string_r1l95"
                          HEIGHT="37"
                          WIDTH="992"
                          VPOS="2022"
                          HPOS="69"
                          CONTENT="ſtinus vom Gottesſtaate gewählt, um zu zeigen, welche hohe und"/>
               </TextLine>
               <TextLine ID="r1l97"
                         BASELINE="66,2093 115,2091 165,2091 215,2090 265,2090 315,2090 364,2090 414,2090 464,2090 514,2090 564,2090 613,2090 663,2090 713,2090 763,2090 813,2088 862,2088 912,2088 962,2087 1012,2087 1062,2085"
                         HEIGHT="38"
                         WIDTH="996"
                         VPOS="2065"
                         HPOS="66">
                  <String ID="string_r1l97"
                          HEIGHT="38"
                          WIDTH="996"
                          VPOS="2065"
                          HPOS="66"
                          CONTENT="erhabene, nie veraltende Anſchauungen in dieſem Werke niederge⸗"/>
               </TextLine>
            </TextBlock>
            <TextBlock ID="TextRegion_1618899817821_27"
                       HEIGHT="1984"
                       WIDTH="1047"
                       VPOS="131"
                       HPOS="1092">
               <Shape>
                  <Polygon POINTS="1092,131 2139,131 2139,2115 1092,2115"/>
               </Shape>
               <TextLine ID="r1l5"
                         BASELINE="1124,188 1174,188 1224,188 1274,188 1324,188 1374,188 1424,188 1475,188 1525,188 1575,188 1625,186 1675,186 1725,186 1775,186 1826,186 1876,186 1926,186 1976,186 2026,185 2076,185 2127,185"
                         HEIGHT="33"
                         WIDTH="1003"
                         VPOS="165"
                         HPOS="1124">
                  <String ID="string_r1l5"
                          HEIGHT="33"
                          WIDTH="1003"
                          VPOS="165"
                          HPOS="1124"
                          CONTENT="legt ſeien. In der Ueberzeugung, daß in dieſen Anſchauungen"/>
               </TextLine>
               <TextLine ID="r1l7"
                         BASELINE="1128,231 1177,230 1227,230 1277,230 1327,230 1377,230 1427,230 1477,230 1527,230 1577,230 1627,230 1676,230 1726,230 1776,230 1826,230 1876,230 1926,228 1976,228 2026,228 2076,228 2126,228"
                         HEIGHT="33"
                         WIDTH="998"
                         VPOS="208"
                         HPOS="1128">
                  <String ID="string_r1l7"
                          HEIGHT="33"
                          WIDTH="998"
                          VPOS="208"
                          HPOS="1128"
                          CONTENT="der Idealismus des Gedankens ſeinen letzten und höchſten Hort"/>
               </TextLine>
               <TextLine ID="r1l9"
                         BASELINE="1127,275 1177,273 1227,273 1277,272 1328,272 1378,272 1428,272 1479,270 1529,270 1579,272 1630,272 1680,272 1730,272 1780,272 1831,272 1881,272 1931,272 1982,272 2032,272 2082,270 2133,270"
                         HEIGHT="35"
                         WIDTH="1006"
                         VPOS="250"
                         HPOS="1127">
                  <String ID="string_r1l9"
                          HEIGHT="35"
                          WIDTH="1006"
                          VPOS="250"
                          HPOS="1127"
                          CONTENT="habe und in gefliſſentlichem Abſehen von denſelben ſich nicht"/>
               </TextLine>
               <TextLine ID="r1l11"
                         BASELINE="1127,317 1177,315 1227,315 1277,315 1328,315 1378,314 1428,314 1478,314 1529,314 1579,314 1629,314 1679,314 1730,315 1780,315 1830,315 1880,315 1931,315 1981,315 2031,314 2081,314 2132,314"
                         HEIGHT="33"
                         WIDTH="1005"
                         VPOS="294"
                         HPOS="1127">
                  <String ID="string_r1l11"
                          HEIGHT="33"
                          WIDTH="1005"
                          VPOS="294"
                          HPOS="1127"
                          CONTENT="halten laſſe, bringt er mit ſeiner Schilderung der Idee des Au⸗"/>
               </TextLine>
               <TextLine ID="r1l13"
                         BASELINE="1131,363 1181,360 1231,359 1281,357 1332,357 1382,356 1432,356 1482,356 1533,356 1583,356 1633,356 1683,357 1734,357 1784,357 1834,357 1884,357 1935,357 1985,357 2035,357 2085,356 2136,356"
                         HEIGHT="37"
                         WIDTH="1005"
                         VPOS="336"
                         HPOS="1131">
                  <String ID="string_r1l13"
                          HEIGHT="37"
                          WIDTH="1005"
                          VPOS="336"
                          HPOS="1131"
                          CONTENT="guſtiniſchen Gottesſtaates eine Kritik des modernen Materialis⸗"/>
               </TextLine>
               <TextLine ID="r1l15"
                         BASELINE="1122,402 1172,402 1222,401 1272,401 1323,401 1373,401 1423,401 1473,401 1524,401 1574,399 1624,399 1674,399 1725,399 1775,401 1825,401 1875,401 1926,401 1976,401 2026,401 2076,401 2127,401"
                         HEIGHT="33"
                         WIDTH="1005"
                         VPOS="379"
                         HPOS="1122">
                  <String ID="string_r1l15"
                          HEIGHT="33"
                          WIDTH="1005"
                          VPOS="379"
                          HPOS="1122"
                          CONTENT="mus in Verbindung, welche Verknüpfung wohl keinen andern"/>
               </TextLine>
               <TextLine ID="r1l17"
                         BASELINE="1134,447 1186,446 1239,444 1291,444 1344,443 1396,443 1449,443 1502,443 1554,443 1607,443 1659,443 1712,443 1764,443 1817,443 1870,443 1922,443 1975,443 2027,444 2080,444 2133,444"
                         HEIGHT="34"
                         WIDTH="999"
                         VPOS="423"
                         HPOS="1134">
                  <String ID="string_r1l17"
                          HEIGHT="34"
                          WIDTH="999"
                          VPOS="423"
                          HPOS="1134"
                          CONTENT="Zweck gehabt haben dürfte, als der akademiſchen Zuhörerſchaft das"/>
               </TextLine>
               <TextLine ID="r1l19"
                         BASELINE="1130,488 1180,488 1230,488 1280,488 1331,488 1381,488 1431,487 1481,486 1532,486 1582,486 1632,486 1682,486 1733,486 1783,485 1833,485 1883,485 1934,485 1984,485 2034,485 2084,486 2135,486"
                         HEIGHT="33"
                         WIDTH="1005"
                         VPOS="465"
                         HPOS="1130">
                  <String ID="string_r1l19"
                          HEIGHT="33"
                          WIDTH="1005"
                          VPOS="465"
                          HPOS="1130"
                          CONTENT="bei reifem und durchgebildetem Denken unausweisliche aut, aut"/>
               </TextLine>
               <TextLine ID="r1l21"
                         BASELINE="1131,531 1181,531 1231,531 1281,530 1331,530 1381,530 1431,530 1481,530 1531,528 1581,528 1632,528 1682,528 1732,528 1782,528 1832,528 1882,528 1932,528 1982,528 2032,528 2082,528 2133,528"
                         HEIGHT="33"
                         WIDTH="1002"
                         VPOS="508"
                         HPOS="1131">
                  <String ID="string_r1l21"
                          HEIGHT="33"
                          WIDTH="1002"
                          VPOS="508"
                          HPOS="1131"
                          CONTENT="der Entſcheidung für eine gläubig⸗ideale oder ungläubig⸗materia⸗"/>
               </TextLine>
               <TextLine ID="r1l23"
                         BASELINE="1134,576 1183,575 1233,575 1283,574 1333,573 1383,573 1432,572 1482,572 1532,572 1582,570 1632,570 1681,570 1731,570 1781,570 1831,570 1881,570 1930,571 1980,572 2030,572 2080,573 2130,573"
                         HEIGHT="36"
                         WIDTH="996"
                         VPOS="550"
                         HPOS="1134">
                  <String ID="string_r1l23"
                          HEIGHT="36"
                          WIDTH="996"
                          VPOS="550"
                          HPOS="1134"
                          CONTENT="liſtiſche Lebens⸗ und Geſchichtsanſchauung zum weitern Nachdenken"/>
               </TextLine>
               <TextLine ID="r1l25"
                         BASELINE="1134,618 1183,618 1232,617 1282,617 1331,617 1380,617 1430,617 1479,615 1528,615 1578,615 1627,614 1676,614 1726,614 1775,614 1824,614 1874,614 1923,614 1972,614 2022,614 2071,614 2121,615"
                         HEIGHT="34"
                         WIDTH="987"
                         VPOS="594"
                         HPOS="1134">
                  <String ID="string_r1l25"
                          HEIGHT="34"
                          WIDTH="987"
                          VPOS="594"
                          HPOS="1134"
                          CONTENT="vorzulegen. Auf dieſen Gelegenheitszweck iſt auch der ſchwung⸗"/>
               </TextLine>
               <TextLine ID="r1l27"
                         BASELINE="1124,659 1174,659 1225,660 1276,660 1327,660 1377,659 1428,659 1479,659 1530,659 1580,657 1631,657 1682,657 1733,657 1783,657 1834,657 1885,657 1936,657 1986,657 2037,659 2088,659 2139,660"
                         HEIGHT="33"
                         WIDTH="1015"
                         VPOS="637"
                         HPOS="1124">
                  <String ID="string_r1l27"
                          HEIGHT="33"
                          WIDTH="1015"
                          VPOS="637"
                          HPOS="1124"
                          CONTENT="volle Ton und die bilderreiche, mit Citaten aus den nationalen"/>
               </TextLine>
               <TextLine ID="line_1618900025946_141"
                         BASELINE="1130,701 1161,701 1193,701 1224,702 1256,702 1287,702 1319,702 1350,702 1382,702 1413,702 1445,702 1477,702 1508,702 1540,702 1571,702 1603,702 1634,702 1666,701 1697,701 1729,701 1761,699 1943,699 1968,701 1994,699 2019,699 2045,702"
                         HEIGHT="33"
                         WIDTH="915"
                         VPOS="679"
                         HPOS="1130">
                  <String ID="string_line_1618900025946_141"
                          HEIGHT="33"
                          WIDTH="915"
                          VPOS="679"
                          HPOS="1130"
                          CONTENT="Claſſikern ausgeſtattete Diction berechnet. C. W."/>
               </TextLine>
               <TextLine ID="r1l32"
                         BASELINE="1160,750 1269,744 1314,746 1359,746 1404,747 1449,747 1494,747 1539,747 1584,746 1629,746 1675,744 1720,744 1765,743 1810,743 1855,741 1900,741 1945,741 1990,741 2035,741 2080,743 2126,744"
                         HEIGHT="36"
                         WIDTH="974"
                         VPOS="721"
                         HPOS="1152">
                  <String ID="string_r1l32"
                          HEIGHT="36"
                          WIDTH="974"
                          VPOS="721"
                          HPOS="1152"
                          CONTENT="— Die zweite Auflage der Schrift: „Die Lebens⸗Elemente"/>
               </TextLine>
               <TextLine ID="r1l34"
                         BASELINE="1128,783 1178,785 1228,786 1279,787 1329,788 1379,788 1430,788 1480,788 1530,788 1581,788 1631,788 1681,786 1732,786 1782,786 1832,786 1883,785 1933,785 1983,785 2034,785 2084,785 2135,786"
                         HEIGHT="35"
                         WIDTH="1007"
                         VPOS="763"
                         HPOS="1128">
                  <String ID="string_r1l34"
                          HEIGHT="35"
                          WIDTH="1007"
                          VPOS="763"
                          HPOS="1128"
                          CONTENT="der Staaten. Von Dr. Joh. Joſ. Roßbach,” iſt zwar"/>
               </TextLine>
               <TextLine ID="r1l36"
                         BASELINE="1131,827 1181,828 1231,830 1281,830 1331,830 1381,831 1431,831 1481,831 1531,830 1581,830 1632,830 1682,830 1732,828 1782,828 1832,828 1882,828 1932,828 1982,828 2032,828 2082,828 2133,830"
                         HEIGHT="34"
                         WIDTH="1002"
                         VPOS="807"
                         HPOS="1131">
                  <String ID="string_r1l36"
                          HEIGHT="34"
                          WIDTH="1002"
                          VPOS="807"
                          HPOS="1131"
                          CONTENT="vor 1865 erſchienen (Würzb. 1864. XII u. 155 S. 20 Sgr.);"/>
               </TextLine>
               <TextLine ID="r1l38"
                         BASELINE="1136,869 1185,870 1234,872 1283,872 1332,872 1382,872 1431,872 1480,872 1529,872 1578,872 1628,872 1677,872 1726,872 1775,870 1824,870 1874,870 1923,870 1972,870 2021,869 2070,869 2120,869"
                         HEIGHT="33"
                         WIDTH="984"
                         VPOS="849"
                         HPOS="1136">
                  <String ID="string_r1l38"
                          HEIGHT="33"
                          WIDTH="984"
                          VPOS="849"
                          HPOS="1136"
                          CONTENT="wir zeigen die Schrift aber doch kurz an, weil ſie eine der we⸗"/>
               </TextLine>
               <TextLine ID="r1l40"
                         BASELINE="1130,912 1179,914 1229,915 1279,915 1329,915 1379,915 1429,915 1478,915 1528,915 1578,915 1628,915 1678,914 1728,914 1778,914 1827,912 1877,912 1927,912 1977,912 2027,912 2077,912 2127,912"
                         HEIGHT="33"
                         WIDTH="997"
                         VPOS="892"
                         HPOS="1130">
                  <String ID="string_r1l40"
                          HEIGHT="33"
                          WIDTH="997"
                          VPOS="892"
                          HPOS="1130"
                          CONTENT="nigen iſt, die in katholiſchem Geiſte die Fragen über die Grund⸗"/>
               </TextLine>
               <TextLine ID="r1l42"
                         BASELINE="1131,954 1181,956 1231,956 1281,957 1331,957 1381,957 1431,959 1481,959 1531,959 1581,959 1632,959 1682,957 1732,957 1782,957 1832,957 1882,957 1932,957 1982,956 2032,956 2082,956 2133,956"
                         HEIGHT="35"
                         WIDTH="1002"
                         VPOS="934"
                         HPOS="1131">
                  <String ID="string_r1l42"
                          HEIGHT="35"
                          WIDTH="1002"
                          VPOS="934"
                          HPOS="1131"
                          CONTENT="lagen des Staates, deſſen Verhältniß zur Geſellſchaft und zur"/>
               </TextLine>
               <TextLine ID="r1l44"
                         BASELINE="1131,999 1180,999 1230,999 1280,1001 1330,1001 1380,1001 1429,1001 1479,1001 1529,1001 1579,1001 1629,1001 1678,1001 1728,1001 1778,1001 1828,1001 1878,1001 1927,1001 1977,1001 2027,1001 2077,1001 2127,1001"
                         HEIGHT="32"
                         WIDTH="996"
                         VPOS="979"
                         HPOS="1131">
                  <String ID="string_r1l44"
                          HEIGHT="32"
                          WIDTH="996"
                          VPOS="979"
                          HPOS="1131"
                          CONTENT="Nationalität behandeln, die chriſtliche Geſittung als Element des"/>
               </TextLine>
               <TextLine ID="r1l46"
                         BASELINE="1134,1043 1183,1043 1233,1043 1282,1043 1332,1043 1381,1043 1431,1043 1480,1043 1530,1043 1579,1043 1629,1043 1678,1044 1728,1044 1777,1044 1827,1044 1876,1044 1926,1044 1975,1044 2025,1044 2074,1043 2124,1043"
                         HEIGHT="31"
                         WIDTH="990"
                         VPOS="1023"
                         HPOS="1134">
                  <String ID="string_r1l46"
                          HEIGHT="31"
                          WIDTH="990"
                          VPOS="1023"
                          HPOS="1134"
                          CONTENT="Staates feſthalten, zugleich aber in dem conſtitutionellen Syſteme"/>
               </TextLine>
               <TextLine ID="r1l48"
                         BASELINE="1122,1086 1172,1086 1222,1086 1273,1085 1323,1085 1374,1085 1424,1085 1474,1086 1525,1086 1575,1086 1626,1086 1676,1086 1726,1086 1777,1086 1827,1086 1878,1088 1928,1088 1978,1088 2029,1088 2079,1088 2130,1088"
                         HEIGHT="33"
                         WIDTH="1008"
                         VPOS="1065"
                         HPOS="1122">
                  <String ID="string_r1l48"
                          HEIGHT="33"
                          WIDTH="1008"
                          VPOS="1065"
                          HPOS="1122"
                          CONTENT="eine begründete Forderung der Zeit erblicken und deſſen richtige"/>
               </TextLine>
               <TextLine ID="r1l50"
                         BASELINE="1121,1130 1171,1130 1221,1130 1271,1130 1322,1130 1372,1130 1422,1130 1472,1130 1523,1129 1573,1128 1623,1128 1673,1128 1724,1128 1774,1128 1824,1128 1874,1130 1925,1130 1975,1130 2025,1130 2075,1130 2126,1131"
                         HEIGHT="33"
                         WIDTH="1005"
                         VPOS="1108"
                         HPOS="1121">
                  <String ID="string_r1l50"
                          HEIGHT="33"
                          WIDTH="1005"
                          VPOS="1108"
                          HPOS="1121"
                          CONTENT="Grundlagen feſtzuſtellen ſuchen. Wärme des Gefühls und tiefe"/>
               </TextLine>
               <TextLine ID="line_1618900042736_150"
                         BASELINE="1124,1172 1149,1173 1174,1174 1199,1175 1225,1175 1250,1175 1275,1175 1301,1175 1326,1175 1351,1175 1377,1173 1402,1173 1427,1173 1453,1173 1478,1173 1503,1172 1529,1172 1973,1173 2009,1173 2045,1176"
                         HEIGHT="34"
                         WIDTH="921"
                         VPOS="1152"
                         HPOS="1124">
                  <String ID="string_line_1618900042736_150"
                          HEIGHT="34"
                          WIDTH="921"
                          VPOS="1152"
                          HPOS="1124"
                          CONTENT="Gedanken zeichnen ſie aus. Sch."/>
               </TextLine>
               <TextLine ID="r1l57"
                         BASELINE="1125,1278 1175,1278 1225,1278 1275,1278 1326,1278 1376,1278 1426,1278 1476,1278 1527,1278 1577,1277 1627,1277 1677,1277 1728,1277 1778,1277 1828,1277 1878,1277 1929,1277 1979,1277 2029,1277 2079,1277 2130,1278"
                         HEIGHT="31"
                         WIDTH="1005"
                         VPOS="1257"
                         HPOS="1125">
                  <String ID="string_r1l57"
                          HEIGHT="31"
                          WIDTH="1005"
                          VPOS="1257"
                          HPOS="1125"
                          CONTENT="Die folgenden Nummern werden außer den früher angekündigten"/>
               </TextLine>
               <TextLine ID="r1l59"
                         BASELINE="1157,1313 1182,1313 1208,1314 1234,1314 1259,1316 1285,1316 1311,1316 1337,1316 1362,1316 1388,1317 1414,1317 1439,1317 1465,1316 1491,1316 1517,1315 1542,1314 1568,1314 1594,1313 1620,1311"
                         HEIGHT="36"
                         WIDTH="463"
                         VPOS="1291"
                         HPOS="1157">
                  <String ID="string_r1l59"
                          HEIGHT="36"
                          WIDTH="463"
                          VPOS="1291"
                          HPOS="1157"
                          CONTENT="Arbeiten enthalten Artikel über"/>
               </TextLine>
               <TextLine ID="r1l61"
                         BASELINE="1131,1359 1170,1359 1209,1358 1248,1358 1287,1358 1326,1359 1365,1359 1405,1359 1444,1359 1483,1359 1522,1359 1561,1359 1600,1359 1639,1359 1679,1359 1718,1358 1757,1358 1796,1358 1835,1358 1874,1358 1914,1356"
                         HEIGHT="33"
                         WIDTH="783"
                         VPOS="1336"
                         HPOS="1131">
                  <String ID="string_r1l61"
                          HEIGHT="33"
                          WIDTH="783"
                          VPOS="1336"
                          HPOS="1131"
                          CONTENT="Dippel, Philoſophie des C. Bovillus, von Hayd."/>
               </TextLine>
               <TextLine ID="r1l63"
                         BASELINE="1128,1395 1165,1394 1203,1394 1240,1394 1278,1394 1316,1394 1353,1394 1391,1394 1429,1394 1466,1394 1504,1394 1542,1394 1579,1395 1617,1395 1655,1395 1692,1395 1730,1395 1768,1394 1805,1394 1843,1394 1881,1394"
                         HEIGHT="31"
                         WIDTH="753"
                         VPOS="1374"
                         HPOS="1128">
                  <String ID="string_r1l63"
                          HEIGHT="31"
                          WIDTH="753"
                          VPOS="1374"
                          HPOS="1128"
                          CONTENT="Friedhoff, Spec. Moraltheologie, von Merkle."/>
               </TextLine>
               <TextLine ID="r1l64"
                         BASELINE="1137,1428 1180,1430 1223,1430 1266,1431 1309,1431 1352,1431 1395,1431 1438,1431 1481,1431 1524,1431 1567,1431 1610,1431 1653,1431 1696,1431 1739,1431 1782,1431 1825,1431 1868,1431 1911,1431 1954,1431 1997,1433"
                         HEIGHT="35"
                         WIDTH="860"
                         VPOS="1408"
                         HPOS="1137">
                  <String ID="string_r1l64"
                          HEIGHT="35"
                          WIDTH="860"
                          VPOS="1408"
                          HPOS="1137"
                          CONTENT="Gfrörer, Zur Geſch. deutſcher Volksrechte, von Lörſch."/>
               </TextLine>
               <TextLine ID="r1l66"
                         BASELINE="1131,1463 1164,1463 1197,1464 1230,1464 1264,1466 1297,1466 1330,1466 1364,1466 1397,1466 1430,1466 1464,1466 1497,1466 1530,1466 1563,1466 1597,1466 1630,1466 1663,1466 1697,1466 1730,1466 1763,1466 1797,1466"
                         HEIGHT="33"
                         WIDTH="666"
                         VPOS="1443"
                         HPOS="1131">
                  <String ID="string_r1l66"
                          HEIGHT="33"
                          WIDTH="666"
                          VPOS="1443"
                          HPOS="1131"
                          CONTENT="Kaim, Das Kirchenp tronat, von Schulte."/>
               </TextLine>
               <TextLine ID="r1l68"
                         BASELINE="1122,1499 1163,1499 1205,1500 1247,1500 1289,1500 1331,1500 1372,1500 1414,1500 1456,1500 1498,1500 1540,1500 1581,1500 1623,1500 1665,1500 1707,1500 1749,1500 1790,1502 1832,1502 1874,1502 1916,1502 1958,1503"
                         HEIGHT="34"
                         WIDTH="836"
                         VPOS="1479"
                         HPOS="1122">
                  <String ID="string_r1l68"
                          HEIGHT="34"
                          WIDTH="836"
                          VPOS="1479"
                          HPOS="1122"
                          CONTENT="Kerſchbaumer, Lehrb. der Paſtoraltheol., von Roth."/>
               </TextLine>
               <TextLine ID="r1l70"
                         BASELINE="1140,1535 1189,1535 1238,1535 1287,1535 1336,1535 1385,1535 1434,1535 1484,1535 1533,1536 1582,1536 1631,1536 1680,1536 1729,1536 1778,1536 1828,1538 1877,1538 1926,1538 1975,1538 2024,1538 2073,1539 2123,1539"
                         HEIGHT="34"
                         WIDTH="983"
                         VPOS="1515"
                         HPOS="1140">
                  <String ID="string_r1l70"
                          HEIGHT="34"
                          WIDTH="983"
                          VPOS="1515"
                          HPOS="1140"
                          CONTENT="Luthardt, Kahnis und Brückner, die Kirche etc., von Hettinger."/>
               </TextLine>
               <TextLine ID="r1l72"
                         BASELINE="1137,1572 1176,1572 1215,1572 1254,1571 1293,1571 1332,1571 1371,1571 1410,1571 1449,1571 1488,1571 1528,1571 1567,1571 1606,1571 1645,1572 1684,1572 1723,1572 1762,1572 1801,1574 1840,1574 1879,1574 1919,1575"
                         HEIGHT="34"
                         WIDTH="782"
                         VPOS="1551"
                         HPOS="1137">
                  <String ID="string_r1l72"
                          HEIGHT="34"
                          WIDTH="782"
                          VPOS="1551"
                          HPOS="1137"
                          CONTENT="Patiß, Leben des Gottmenſchen J. C., von Henke."/>
               </TextLine>
               <TextLine ID="r1l73"
                         BASELINE="1127,1608 1158,1608 1190,1608 1221,1608 1253,1608 1284,1608 1316,1608 1347,1608 1379,1608 1410,1608 1442,1607 1474,1607 1505,1607 1537,1607 1568,1607 1600,1607 1631,1607 1663,1607 1694,1608 1726,1610 1758,1610"
                         HEIGHT="33"
                         WIDTH="631"
                         VPOS="1587"
                         HPOS="1127">
                  <String ID="string_r1l73"
                          HEIGHT="33"
                          WIDTH="631"
                          VPOS="1587"
                          HPOS="1127"
                          CONTENT="Pfau, Die ſociale Frage, von Stumpf."/>
               </TextLine>
               <TextLine ID="r1l75"
                         BASELINE="1122,1644 1157,1644 1192,1644 1227,1644 1262,1644 1297,1644 1332,1644 1367,1644 1402,1644 1437,1643 1473,1643 1508,1643 1543,1643 1578,1643 1613,1643 1648,1643 1683,1643 1718,1643 1753,1643 1788,1643 1824,1644"
                         HEIGHT="31"
                         WIDTH="702"
                         VPOS="1623"
                         HPOS="1122">
                  <String ID="string_r1l75"
                          HEIGHT="31"
                          WIDTH="702"
                          VPOS="1623"
                          HPOS="1122"
                          CONTENT="Rieß, Petrus Caniſius, von P. Beckmann."/>
               </TextLine>
               <TextLine ID="r1l77"
                         BASELINE="1131,1679 1165,1680 1200,1680 1235,1680 1270,1680 1304,1680 1339,1680 1374,1680 1409,1680 1443,1679 1478,1679 1513,1679 1548,1679 1582,1679 1617,1679 1652,1679 1687,1679 1721,1679 1756,1679 1791,1679 1826,1680"
                         HEIGHT="31"
                         WIDTH="695"
                         VPOS="1659"
                         HPOS="1131">
                  <String ID="string_r1l77"
                          HEIGHT="31"
                          WIDTH="695"
                          VPOS="1659"
                          HPOS="1131"
                          CONTENT="de Rossi, Roma sotterranea, von Heuſer."/>
               </TextLine>
               <TextLine ID="r1l79"
                         BASELINE="1136,1719 1177,1719 1219,1719 1260,1718 1302,1718 1343,1718 1385,1718 1426,1716 1468,1716 1509,1716 1551,1716 1593,1716 1634,1715 1676,1715 1717,1715 1759,1715 1800,1715 1842,1715 1883,1716 1925,1716 1967,1716"
                         HEIGHT="34"
                         WIDTH="831"
                         VPOS="1695"
                         HPOS="1136">
                  <String ID="string_r1l79"
                          HEIGHT="34"
                          WIDTH="831"
                          VPOS="1695"
                          HPOS="1136"
                          CONTENT="Schlünkes, Lehren der kath. Religion, von Hilgers."/>
               </TextLine>
               <TextLine ID="r1l81"
                         BASELINE="1137,1755 1181,1755 1225,1755 1269,1755 1314,1755 1358,1755 1402,1754 1446,1754 1491,1754 1535,1754 1579,1754 1623,1754 1668,1754 1712,1754 1756,1754 1800,1754 1845,1754 1889,1754 1933,1755 1977,1755 2022,1757"
                         HEIGHT="33"
                         WIDTH="885"
                         VPOS="1734"
                         HPOS="1137">
                  <String ID="string_r1l81"
                          HEIGHT="33"
                          WIDTH="885"
                          VPOS="1734"
                          HPOS="1137"
                          CONTENT="Schmitt, Erſtcommunicanten⸗Unterricht, von Dubelman."/>
               </TextLine>
               <TextLine ID="r1l83"
                         BASELINE="1130,1793 1163,1793 1196,1793 1229,1793 1262,1793 1295,1793 1328,1793 1361,1791 1394,1791 1427,1791 1460,1791 1493,1790 1526,1790 1559,1790 1592,1790 1625,1790 1658,1790 1691,1790 1724,1790 1757,1790 1790,1791"
                         HEIGHT="33"
                         WIDTH="660"
                         VPOS="1770"
                         HPOS="1130">
                  <String ID="string_r1l83"
                          HEIGHT="33"
                          WIDTH="660"
                          VPOS="1770"
                          HPOS="1130"
                          CONTENT="Schumacher, Die Stedinger, von Rump."/>
               </TextLine>
               <TextLine ID="r1l84"
                         BASELINE="1128,1829 1161,1829 1195,1829 1228,1829 1262,1829 1296,1829 1329,1829 1363,1829 1396,1827 1430,1827 1464,1827 1497,1827 1531,1827 1564,1826 1598,1826 1632,1826 1665,1826 1699,1826 1732,1826 1766,1827 1800,1827"
                         HEIGHT="33"
                         WIDTH="672"
                         VPOS="1806"
                         HPOS="1128">
                  <String ID="string_r1l84"
                          HEIGHT="33"
                          WIDTH="672"
                          VPOS="1806"
                          HPOS="1128"
                          CONTENT="Schunken, Die Abtei Werden, von Rump."/>
               </TextLine>
               <TextLine ID="r1l86"
                         BASELINE="1133,1866 1171,1866 1209,1866 1248,1866 1286,1868 1325,1867 1363,1866 1401,1866 1440,1866 1478,1866 1517,1865 1555,1865 1593,1865 1632,1865 1670,1865 1709,1865 1747,1865 1785,1865 1824,1865 1862,1865 1901,1866"
                         HEIGHT="33"
                         WIDTH="768"
                         VPOS="1845"
                         HPOS="1133">
                  <String ID="string_r1l86"
                          HEIGHT="33"
                          WIDTH="768"
                          VPOS="1845"
                          HPOS="1133"
                          CONTENT="Sepp. Geſchichte der Apoſtel, von Stiefelhagen."/>
               </TextLine>
               <TextLine ID="r1l89"
                         BASELINE="1173,1935 1220,1937 1268,1937 1316,1937 1363,1937 1411,1937 1459,1937 1506,1937 1554,1937 1602,1935 1650,1935 1697,1935 1745,1935 1793,1935 1840,1935 1888,1934 1936,1935 1983,1935 2031,1935 2079,1935 2127,1937"
                         HEIGHT="33"
                         WIDTH="954"
                         VPOS="1914"
                         HPOS="1173">
                  <String ID="string_r1l89"
                          HEIGHT="33"
                          WIDTH="954"
                          VPOS="1914"
                          HPOS="1173"
                          CONTENT="Correſpondenz der Redaction. Nro. 60: Dankend erhalten."/>
               </TextLine>
               <TextLine ID="line_1618899927936_76"
                         BASELINE="1182,1971 1216,1971 1251,1971 1286,1971 1320,1971 1355,1971 1390,1971 1424,1971 1459,1971 1494,1971 1528,1971 1563,1971 1598,1971 1632,1971 1667,1971 1702,1970 1736,1970 1771,1970 1806,1970 1841,1970 1866,1973 1892,1971 1919,1971 1946,1971 1972,1971 1999,1971 2026,1971 2052,1971 2079,1971 2106,1971 2133,1971"
                         HEIGHT="33"
                         WIDTH="951"
                         VPOS="1950"
                         HPOS="1182">
                  <String ID="string_line_1618899927936_76"
                          HEIGHT="33"
                          WIDTH="951"
                          VPOS="1950"
                          HPOS="1182"
                          CONTENT="— Nro. 63: Ich bitte, die Art. zu ſchicken. — Nro. 72: M. und"/>
               </TextLine>
               <TextLine ID="r1l94"
                         BASELINE="1124,2009 1174,2009 1225,2009 1275,2009 1326,2009 1377,2009 1427,2009 1478,2009 1528,2009 1579,2009 1630,2009 1680,2009 1731,2009 1781,2009 1832,2009 1883,2009 1933,2009 1984,2009 2034,2007 2085,2007 2136,2007"
                         HEIGHT="32"
                         WIDTH="1012"
                         VPOS="1987"
                         HPOS="1124">
                  <String ID="string_r1l94"
                          HEIGHT="32"
                          WIDTH="1012"
                          VPOS="1987"
                          HPOS="1124"
                          CONTENT="R., wie Sie ſehen, vergriffen; das Andere willkommen. — Nro. 184:"/>
               </TextLine>
               <TextLine ID="r1l96"
                         BASELINE="1133,2046 1159,2046 1185,2045 1211,2046 1237,2046 1263,2046 1289,2046 1315,2046 1341,2046 1367,2046 1394,2046"
                         HEIGHT="31"
                         WIDTH="261"
                         VPOS="2025"
                         HPOS="1133">
                  <String ID="string_r1l96"
                          HEIGHT="31"
                          WIDTH="261"
                          VPOS="2025"
                          HPOS="1133"
                          CONTENT="Dankend erhalten."/>
               </TextLine>
            </TextBlock>
            <TextBlock ID="TextRegion_1618899802611_18"
                       HEIGHT="93"
                       WIDTH="496"
                       VPOS="2120"
                       HPOS="840">
               <Shape>
                  <Polygon POINTS="840,2132 1332,2120 1336,2213 842,2213"/>
               </Shape>
               <TextLine ID="line_1618899875772_47"
                         BASELINE="870,2198 895,2199 920,2201 945,2202 970,2202 995,2203 1020,2204 1045,2202 1070,2201 1095,2199 1110,2202 1135,2202 1161,2201 1187,2201 1213,2199 1239,2198 1265,2198 1291,2198 1317,2199"
                         HEIGHT="85"
                         WIDTH="468"
                         VPOS="2129"
                         HPOS="860">
                  <String ID="string_line_1618899875772_47"
                          HEIGHT="85"
                          WIDTH="468"
                          VPOS="2129"
                          HPOS="860"
                          CONTENT="Anzeigen."/>
               </TextLine>
            </TextBlock>
            <TextBlock ID="TextRegion_1618899824986_33"
                       HEIGHT="721"
                       WIDTH="1040"
                       VPOS="2218"
                       HPOS="56">
               <Shape>
                  <Polygon POINTS="56,2218 1096,2218 1096,2939 56,2939"/>
               </Shape>
               <TextLine ID="r1l102"
                         BASELINE="95,2261 143,2260 192,2259 241,2259 290,2258 339,2258 387,2258 436,2258 485,2258 534,2258 583,2259 631,2259 680,2259 729,2259 778,2259 827,2260 875,2259 924,2259 973,2259 1022,2259 1071,2258"
                         HEIGHT="33"
                         WIDTH="976"
                         VPOS="2238"
                         HPOS="95">
                  <String ID="string_r1l102"
                          HEIGHT="33"
                          WIDTH="976"
                          VPOS="2238"
                          HPOS="95"
                          CONTENT="Im Verlage des Literariſchen Inſtituts von Dr. M. Huttler"/>
               </TextLine>
               <TextLine ID="line_1618908527937_355"
                         BASELINE="60,2301 90,2301 107,2300 133,2299 159,2298 186,2297 212,2297 238,2297 265,2297 291,2297 317,2297 344,2297 370,2295 396,2295 423,2295 449,2295 476,2294"
                         HEIGHT="37"
                         WIDTH="416"
                         VPOS="2274"
                         HPOS="60">
                  <String ID="string_line_1618908527937_355"
                          HEIGHT="37"
                          WIDTH="416"
                          VPOS="2274"
                          HPOS="60"
                          CONTENT="in Augsburg erſcheint die"/>
               </TextLine>
               <TextLine ID="r1l117"
                         BASELINE="245,2381 276,2381 308,2379 340,2379 372,2379 404,2379 436,2378 467,2378 499,2378 531,2378 563,2378 595,2378 627,2378 659,2378 690,2378 722,2378 754,2379 786,2379 818,2379 850,2381 882,2381"
                         HEIGHT="33"
                         WIDTH="637"
                         VPOS="2358"
                         HPOS="245">
                  <String ID="string_r1l117"
                          HEIGHT="33"
                          WIDTH="637"
                          VPOS="2358"
                          HPOS="245"
                          CONTENT="Augsburger Poſtzeitung."/>
               </TextLine>
               <TextLine ID="r1l124"
                         BASELINE="132,2441 175,2441 219,2439 263,2439 307,2438 351,2438 394,2438 438,2438 482,2438 526,2438 570,2438 613,2438 657,2438 701,2438 745,2438 789,2438 832,2438 876,2438 920,2436 964,2436 1008,2436"
                         HEIGHT="35"
                         WIDTH="876"
                         VPOS="2416"
                         HPOS="132">
                  <String ID="string_r1l124"
                          HEIGHT="35"
                          WIDTH="876"
                          VPOS="2416"
                          HPOS="132"
                          CONTENT="Täglich in einem ganzen Bogen und zwei wöchentlichen"/>
               </TextLine>
               <TextLine ID="r1l128"
                         BASELINE="60,2487 110,2486 161,2486 211,2484 262,2483 312,2483 363,2481 413,2481 464,2481 514,2480 565,2480 616,2480 666,2480 717,2480 767,2480 818,2480 868,2480 919,2480 969,2480 1020,2480 1071,2480"
                         HEIGHT="37"
                         WIDTH="1011"
                         VPOS="2460"
                         HPOS="60">
                  <String ID="string_r1l128"
                          HEIGHT="37"
                          WIDTH="1011"
                          VPOS="2460"
                          HPOS="60"
                          CONTENT="literariſch⸗belletriſtiſchen Beilagen erſcheinende politiſche"/>
               </TextLine>
               <TextLine ID="r1l130"
                         BASELINE="501,2522 526,2522 551,2522 576,2522 601,2524 626,2526"
                         HEIGHT="34"
                         WIDTH="125"
                         VPOS="2502"
                         HPOS="501">
                  <String ID="string_r1l130"
                          HEIGHT="34"
                          WIDTH="125"
                          VPOS="2502"
                          HPOS="501"
                          CONTENT="Zeitung."/>
               </TextLine>
               <TextLine ID="line_1618899898086_54"
                         BASELINE="66,2579 91,2579 117,2579 143,2579 169,2577 195,2577 221,2577 247,2577 273,2577 299,2576 325,2576 351,2576 377,2575 403,2574 429,2574 455,2573 471,2573 501,2573 531,2573 561,2573 591,2573 621,2573 651,2573 681,2573 711,2574 741,2574 772,2574 802,2574 832,2576 862,2576 892,2576 922,2575 952,2574 982,2574 1012,2573 1042,2571 1073,2570"
                         HEIGHT="39"
                         WIDTH="1007"
                         VPOS="2550"
                         HPOS="66">
                  <String ID="string_line_1618899898086_54"
                          HEIGHT="39"
                          WIDTH="1007"
                          VPOS="2550"
                          HPOS="66"
                          CONTENT="Preis per Quartal 2 fl. 20 kr. rhein. oder 1⅓ Thlr, für"/>
               </TextLine>
               <TextLine ID="r1l138"
                         BASELINE="240,2619 273,2619 306,2618 339,2618 373,2617 406,2616 439,2616 473,2616 506,2616 539,2616 573,2616 606,2618 639,2618 672,2618 706,2618 739,2618 772,2618 806,2618 839,2618 872,2616 906,2616"
                         HEIGHT="33"
                         WIDTH="666"
                         VPOS="2596"
                         HPOS="240">
                  <String ID="string_r1l138"
                          HEIGHT="33"
                          WIDTH="666"
                          VPOS="2596"
                          HPOS="240"
                          CONTENT="Monat Februar und März 1 fl. 36 kr."/>
               </TextLine>
               <TextLine ID="r1l142"
                         BASELINE="111,2670 159,2670 207,2670 255,2669 304,2669 352,2669 400,2669 449,2669 497,2669 545,2669 594,2669 642,2669 690,2669 738,2669 787,2669 835,2667 883,2667 932,2667 980,2666 1028,2665 1077,2664"
                         HEIGHT="36"
                         WIDTH="966"
                         VPOS="2644"
                         HPOS="111">
                  <String ID="string_r1l142"
                          HEIGHT="36"
                          WIDTH="966"
                          VPOS="2644"
                          HPOS="111"
                          CONTENT="Von größeren Original⸗Artikeln, die im Januar heurigen"/>
               </TextLine>
               <TextLine ID="r1l146"
                         BASELINE="68,2714 107,2714 147,2714 187,2714 227,2714 267,2712 306,2712 346,2712 386,2712 426,2711 466,2711 505,2711 545,2711 585,2711 625,2711 665,2711 704,2711 744,2711 784,2711 824,2712 864,2712"
                         HEIGHT="33"
                         WIDTH="796"
                         VPOS="2691"
                         HPOS="68">
                  <String ID="string_r1l146"
                          HEIGHT="33"
                          WIDTH="796"
                          VPOS="2691"
                          HPOS="68"
                          CONTENT="Jahres erſchienen ſind, erwähnen wir unter andern:"/>
               </TextLine>
               <TextLine ID="line_1618899904488_58"
                         BASELINE="96,2765 128,2766 160,2766 192,2767 224,2768 257,2768 289,2768 321,2768 353,2768 385,2766 418,2766 450,2766 482,2766 514,2766 546,2766 579,2766 611,2766 643,2766 675,2766 707,2768 740,2769 777,2768 792,2768 810,2769 836,2768 862,2766 888,2765 915,2764 941,2763 967,2762 993,2762 1076,2763"
                         HEIGHT="37"
                         WIDTH="984"
                         VPOS="2742"
                         HPOS="96">
                  <String ID="string_line_1618899904488_58"
                          HEIGHT="37"
                          WIDTH="984"
                          VPOS="2742"
                          HPOS="96"
                          CONTENT="Im Hauptblatte: Blicke nach Italien. (Dritte Folge.) —"/>
               </TextLine>
               <TextLine ID="line_1618899911798_64"
                         BASELINE="63,2804 92,2805 122,2805 152,2805 182,2805 212,2805 242,2804 271,2804 301,2804 331,2804 361,2802 391,2802 421,2802 451,2802 480,2801 510,2801 540,2801 570,2801 600,2802 630,2802 660,2804 765,2808 790,2806 815,2803 840,2802 865,2802 890,2801 915,2801 940,2801 965,2801 990,2800 1015,2799 1040,2798 1065,2796"
                         HEIGHT="42"
                         WIDTH="1002"
                         VPOS="2776"
                         HPOS="63">
                  <String ID="string_line_1618899911798_64"
                          HEIGHT="42"
                          WIDTH="1002"
                          VPOS="2776"
                          HPOS="63"
                          CONTENT="Rückſchau auf das Jahr 1865. (I.—IX.) Zur katholiſchen No⸗"/>
               </TextLine>
               <TextLine ID="line_1618899916384_68"
                         BASELINE="65,2840 97,2840 130,2840 163,2840 195,2840 228,2840 261,2840 293,2840 326,2840 359,2840 392,2840 424,2840 457,2840 490,2840 522,2840 555,2840 588,2840 620,2840 653,2840 686,2840 719,2840 762,2838 792,2835 818,2837 845,2838 872,2838 900,2837 927,2837 955,2837 982,2835 1010,2834 1037,2834 1065,2832"
                         HEIGHT="38"
                         WIDTH="1000"
                         VPOS="2812"
                         HPOS="65">
                  <String ID="string_line_1618899916384_68"
                          HEIGHT="38"
                          WIDTH="1000"
                          VPOS="2812"
                          HPOS="65"
                          CONTENT="velliſtik. — Meteorologiſche Beobachtungen. — Richard Wagner"/>
               </TextLine>
               <TextLine ID="line_1618899920365_72"
                         BASELINE="63,2877 88,2877 114,2877 140,2877 166,2876 192,2876 218,2876 244,2877 270,2877 295,2877 321,2877 347,2877 373,2877 399,2876 425,2876 451,2875 477,2874 494,2876 522,2876 550,2876 578,2876 606,2876 635,2876 663,2876 691,2876 719,2876 747,2876 776,2876 804,2876 832,2876 860,2876 888,2876 917,2874 945,2874 973,2873 1001,2873 1029,2871 1058,2871"
                         HEIGHT="36"
                         WIDTH="995"
                         VPOS="2851"
                         HPOS="63">
                  <String ID="string_line_1618899920365_72"
                          HEIGHT="36"
                          WIDTH="995"
                          VPOS="2851"
                          HPOS="63"
                          CONTENT="und das bayeriſche Volk. — Das Vaterland und der Parteikampf."/>
               </TextLine>
               <TextLine ID="r1l169"
                         BASELINE="78,2915 127,2915 176,2915 225,2915 275,2915 324,2915 373,2915 423,2915 472,2915 521,2915 571,2915 620,2915 669,2915 718,2914 768,2913 817,2913 866,2913 916,2912 965,2912 1014,2910 1064,2909"
                         HEIGHT="36"
                         WIDTH="986"
                         VPOS="2889"
                         HPOS="78">
                  <String ID="string_r1l169"
                          HEIGHT="36"
                          WIDTH="986"
                          VPOS="2889"
                          HPOS="78"
                          CONTENT="— Die Anſicht des hl. Stuhles von der franzöſisch⸗italieniſchen"/>
               </TextLine>
            </TextBlock>
            <TextBlock ID="TextRegion_1618899824977_32"
                       HEIGHT="721"
                       WIDTH="1043"
                       VPOS="2218"
                       HPOS="1096">
               <Shape>
                  <Polygon POINTS="1096,2218 2139,2218 2139,2939 1096,2939"/>
               </Shape>
               <TextLine ID="line_1618899931668_80"
                         BASELINE="1128,2256 1156,2255 1185,2253 1213,2253 1242,2252 1271,2252 1299,2252 1328,2251 1356,2250 1385,2250 1414,2250 1442,2250 1471,2250 1499,2250 1528,2250 1557,2250 1585,2250 1614,2250 1642,2250 1671,2250 1700,2249 1817,2247 1843,2249 1870,2249 1897,2250 1924,2250 1950,2250 1977,2250 2004,2250 2031,2249 2057,2249 2084,2249 2111,2249 2138,2250"
                         HEIGHT="39"
                         WIDTH="1010"
                         VPOS="2227"
                         HPOS="1128">
                  <String ID="string_line_1618899931668_80"
                          HEIGHT="39"
                          WIDTH="1010"
                          VPOS="2227"
                          HPOS="1128"
                          CONTENT="Convention des 15. Septembers 1864. — Ein Kapitel aus der"/>
               </TextLine>
               <TextLine ID="line_1618899935637_84"
                         BASELINE="1116,2289 1141,2289 1167,2289 1193,2289 1219,2288 1245,2288 1271,2288 1296,2288 1322,2288 1348,2288 1374,2286 1400,2286 1426,2286 1451,2286 1477,2286 1503,2286 1529,2286 1555,2288 1581,2288 1607,2288 1644,2285 1669,2285 1694,2289 1731,2289 1757,2288 1784,2288 1810,2287 1837,2286 1864,2286 1890,2286 1917,2285 1943,2285 1970,2285 1997,2285 2023,2285 2050,2285 2076,2285 2103,2285 2130,2286"
                         HEIGHT="34"
                         WIDTH="1014"
                         VPOS="2265"
                         HPOS="1116">
                  <String ID="string_line_1618899935637_84"
                          HEIGHT="34"
                          WIDTH="1014"
                          VPOS="2265"
                          HPOS="1116"
                          CONTENT="neueſten Leidensgeſchichte Polens. — Zur höheren und niederen"/>
               </TextLine>
               <TextLine ID="line_1618899941979_88"
                         BASELINE="1131,2328 1156,2327 1182,2325 1207,2325 1233,2324 1258,2324 1284,2325 1302,2325 1332,2325 1361,2322 1387,2323 1413,2324 1439,2324 1465,2324 1491,2324 1517,2325 1543,2324 1569,2324 1595,2324 1621,2324 1647,2324 1673,2324 1699,2324 1725,2324 1752,2324 1769,2321 1797,2320 1826,2321 1844,2319 1870,2321 1896,2321 1923,2322 1949,2322 1976,2322 2002,2322 2029,2321 2055,2321 2082,2321 2108,2321 2135,2322"
                         HEIGHT="39"
                         WIDTH="1004"
                         VPOS="2299"
                         HPOS="1131">
                  <String ID="string_line_1618899941979_88"
                          HEIGHT="39"
                          WIDTH="1004"
                          VPOS="2299"
                          HPOS="1131"
                          CONTENT="Schulfrage. — Die Situation in Ungarn. — Der Katholicismus"/>
               </TextLine>
               <TextLine ID="line_1618899952124_94"
                         BASELINE="1121,2363 1146,2361 1171,2361 1197,2361 1222,2361 1247,2361 1273,2360 1298,2360 1323,2360 1349,2360 1374,2360 1400,2361 1511,2358 1536,2360 1562,2361 1587,2363 1613,2363 1638,2363 1664,2363 1689,2363 1715,2361 1740,2361 1766,2360 1791,2360 1817,2358 1842,2358 1868,2357 1893,2357 1923,2357 1953,2360 1977,2358 2003,2358 2030,2358 2056,2358 2083,2358 2109,2358 2136,2358"
                         HEIGHT="36"
                         WIDTH="1015"
                         VPOS="2337"
                         HPOS="1121">
                  <String ID="string_line_1618899952124_94"
                          HEIGHT="36"
                          WIDTH="1015"
                          VPOS="2337"
                          HPOS="1121"
                          CONTENT="und die Revolution. —Politiſche Falſchmünzerei. — Verrath an"/>
               </TextLine>
               <TextLine ID="line_1618899957275_98"
                         BASELINE="1125,2397 1151,2397 1177,2397 1203,2397 1230,2397 1256,2397 1282,2397 1308,2397 1335,2397 1361,2397 1387,2397 1413,2397 1440,2397 1547,2396 1572,2397 1597,2399 1622,2399 1647,2399 1672,2399 1697,2399 1722,2399 1747,2399 1772,2397 1797,2397 1822,2396 1847,2396 1872,2394 1897,2394 1922,2394 1947,2394 1972,2394 1998,2394 2034,2393 2067,2391 2100,2394 2133,2393"
                         HEIGHT="38"
                         WIDTH="1008"
                         VPOS="2371"
                         HPOS="1125">
                  <String ID="string_line_1618899957275_98"
                          HEIGHT="38"
                          WIDTH="1008"
                          VPOS="2371"
                          HPOS="1125"
                          CONTENT="König und Vaterland. — Stellung Croatiens zu Ungarn. — Die"/>
               </TextLine>
               <TextLine ID="line_1618899965105_102"
                         BASELINE="1128,2433 1161,2433 1194,2432 1228,2432 1261,2432 1295,2433 1328,2433 1362,2433 1395,2433 1429,2433 1462,2433 1495,2435 1529,2435 1562,2435 1596,2435 1629,2435 1663,2435 1696,2435 1730,2435 1763,2435 1797,2433 1815,2433 1843,2433 1872,2433 1892,2432 1919,2433 1946,2433 1974,2432 2001,2432 2028,2432 2056,2430 2083,2430 2110,2429 2138,2429"
                         HEIGHT="36"
                         WIDTH="1010"
                         VPOS="2409"
                         HPOS="1128">
                  <String ID="string_line_1618899965105_102"
                          HEIGHT="36"
                          WIDTH="1010"
                          VPOS="2409"
                          HPOS="1128"
                          CONTENT="Geldcalamität und das Pfandbrief⸗Inſtitut. — Was wird aus"/>
               </TextLine>
               <TextLine ID="line_1618899969325_106"
                         BASELINE="1140,2469 1166,2468 1192,2468 1218,2468 1245,2469 1271,2469 1297,2469 1323,2469 1350,2469 1374,2469 1404,2466 1424,2471 1450,2471 1477,2471 1503,2472 1530,2472 1556,2472 1583,2472 1609,2472 1636,2472 1662,2472 1689,2471 1715,2471 1742,2471 1799,2470"
                         HEIGHT="36"
                         WIDTH="666"
                         VPOS="2446"
                         HPOS="1140">
                  <String ID="string_line_1618899969325_106"
                          HEIGHT="36"
                          WIDTH="666"
                          VPOS="2446"
                          HPOS="1140"
                          CONTENT="Polen werden? — Die „Landesdeputation.”"/>
               </TextLine>
               <TextLine ID="r1l129"
                         BASELINE="1166,2502 1214,2505 1263,2507 1311,2508 1360,2508 1409,2508 1457,2508 1506,2508 1554,2508 1603,2507 1652,2507 1700,2506 1749,2505 1797,2504 1846,2504 1895,2502 1943,2501 1992,2501 2040,2501 2089,2501 2138,2501"
                         HEIGHT="37"
                         WIDTH="972"
                         VPOS="2481"
                         HPOS="1166">
                  <String ID="string_r1l129"
                          HEIGHT="37"
                          WIDTH="972"
                          VPOS="2481"
                          HPOS="1166"
                          CONTENT="In der Beilage: Geſchichte der apologetiſchen und polemiſchen"/>
               </TextLine>
               <TextLine ID="r1l131"
                         BASELINE="1130,2540 1180,2541 1230,2543 1280,2543 1331,2544 1381,2544 1431,2544 1481,2544 1532,2544 1582,2544 1632,2543 1682,2543 1733,2542 1783,2541 1833,2540 1883,2540 1934,2538 1984,2538 2034,2538 2084,2537 2135,2537"
                         HEIGHT="37"
                         WIDTH="1005"
                         VPOS="2517"
                         HPOS="1130">
                  <String ID="string_r1l131"
                          HEIGHT="37"
                          WIDTH="1005"
                          VPOS="2517"
                          HPOS="1130"
                          CONTENT="Literatur der Theologie von Dr. Werner. — Friede zwiſchen Rom"/>
               </TextLine>
               <TextLine ID="line_1618899974059_110"
                         BASELINE="1122,2576 1147,2577 1173,2577 1199,2578 1225,2579 1251,2579 1277,2580 1303,2580 1328,2581 1354,2582 1380,2582 1406,2582 1432,2583 1458,2583 1484,2583 1529,2582 1559,2580 1590,2579 1620,2579 1651,2577 1681,2577 1712,2577 1742,2576 1773,2576 1803,2574 1834,2574 1864,2574 1895,2574 1925,2573 1956,2573 1986,2573 2017,2573 2047,2573 2078,2573 2108,2574 2139,2574"
                         HEIGHT="40"
                         WIDTH="1017"
                         VPOS="2553"
                         HPOS="1122">
                  <String ID="string_line_1618899974059_110"
                          HEIGHT="40"
                          WIDTH="1017"
                          VPOS="2553"
                          HPOS="1122"
                          CONTENT="und Italien (I. u. II.) — Freie Studien. — Die Freimaurerei im"/>
               </TextLine>
               <TextLine ID="line_1618899977265_114"
                         BASELINE="1127,2610 1154,2612 1181,2612 1208,2615 1235,2615 1262,2616 1289,2616 1316,2616 1343,2616 1370,2616 1398,2615 1511,2618 1543,2616 1576,2615 1608,2615 1641,2613 1673,2613 1706,2612 1739,2612 1771,2612 1804,2610 1836,2610 1869,2610 1901,2610 1934,2610 1967,2610 1999,2612 2032,2612 2064,2612 2097,2613 2130,2613"
                         HEIGHT="38"
                         WIDTH="1003"
                         VPOS="2590"
                         HPOS="1127">
                  <String ID="string_line_1618899977265_114"
                          HEIGHT="38"
                          WIDTH="1003"
                          VPOS="2590"
                          HPOS="1127"
                          CONTENT="Bisthum Eichſtädt. — Zur Geneſis der erſten Theilung Polens,"/>
               </TextLine>
               <TextLine ID="line_1618899987841_120"
                         BASELINE="1127,2649 1153,2651 1179,2652 1205,2652 1231,2652 1257,2652 1283,2652 1310,2652 1331,2651 1356,2648 1382,2648 1425,2652 1460,2652 1495,2652 1531,2651 1566,2651 1602,2651 1637,2649 1672,2649 1708,2649 1743,2648 1779,2648 1814,2648 1849,2646 1885,2646 1920,2646 1956,2646 1991,2646 2026,2648 2062,2648 2097,2648 2133,2649"
                         HEIGHT="36"
                         WIDTH="1006"
                         VPOS="2626"
                         HPOS="1127">
                  <String ID="string_line_1618899987841_120"
                          HEIGHT="36"
                          WIDTH="1006"
                          VPOS="2626"
                          HPOS="1127"
                          CONTENT="von Janſſen. — Gangauf, Abt, des hl. Auguſtinus ſpekulative"/>
               </TextLine>
               <TextLine ID="line_1618899992650_124"
                         BASELINE="1130,2685 1156,2687 1183,2687 1210,2688 1237,2688 1263,2690 1290,2690 1317,2691 1344,2691 1371,2690 1404,2688 1431,2687 1459,2687 1487,2687 1514,2687 1542,2685 1570,2685 1597,2685 1625,2685 1653,2685 1683,2681 1709,2682 1735,2682 1761,2682 1787,2682 1813,2683 1839,2684 1865,2684 1891,2684 1917,2684 1943,2684 1969,2684 1995,2684 2021,2684 2047,2684 2073,2684 2099,2684 2126,2685"
                         HEIGHT="40"
                         WIDTH="996"
                         VPOS="2661"
                         HPOS="1130">
                  <String ID="string_line_1618899992650_124"
                          HEIGHT="40"
                          WIDTH="996"
                          VPOS="2661"
                          HPOS="1130"
                          CONTENT="Lehre von Gott dem Dreieinigen. — Das Bonner theologiſche"/>
               </TextLine>
               <TextLine ID="line_1618899997783_129"
                         BASELINE="1124,2721 1149,2723 1175,2723 1201,2724 1227,2725 1253,2726 1279,2726 1305,2726 1331,2725 1357,2724 1383,2723 1410,2724 1446,2724 1482,2723 1518,2723 1554,2723 1590,2721 1626,2721 1662,2721 1698,2721 1734,2721 1770,2721 1806,2721 1842,2720 1878,2720 1914,2720 1950,2720 1986,2720 2022,2720 2058,2720 2094,2720 2144,2723"
                         HEIGHT="37"
                         WIDTH="1032"
                         VPOS="2699"
                         HPOS="1124">
                  <String ID="string_line_1618899997783_129"
                          HEIGHT="37"
                          WIDTH="1032"
                          VPOS="2699"
                          HPOS="1124"
                          CONTENT="Literaturblatt. — Der Abfall der Niederlande, von Holzwarth. —"/>
               </TextLine>
               <TextLine ID="line_1618900004410_133"
                         BASELINE="1134,2759 1159,2760 1184,2760 1209,2761 1234,2762 1259,2762 1284,2763 1309,2763 1334,2764 1359,2763 1385,2763 1404,2760 1431,2759 1459,2759 1487,2759 1514,2757 1542,2757 1570,2757 1597,2757 1625,2759 1653,2760 1683,2760 1716,2760 1731,2757 1756,2757 1781,2756 1806,2756 1831,2756 1856,2756 1881,2756 1906,2756 1931,2757 1956,2757 1981,2757 2006,2757 2031,2757 2056,2757 2081,2757 2106,2757 2132,2756"
                         HEIGHT="38"
                         WIDTH="998"
                         VPOS="2736"
                         HPOS="1134">
                  <String ID="string_line_1618900004410_133"
                          HEIGHT="38"
                          WIDTH="998"
                          VPOS="2736"
                          HPOS="1134"
                          CONTENT="Hermann Lingg’s Völkerwanderung. — Die religiöſe Bewegung im"/>
               </TextLine>
               <TextLine ID="line_1618900008690_137"
                         BASELINE="1127,2796 1153,2798 1180,2799 1207,2799 1234,2799 1260,2799 1287,2799 1314,2799 1341,2799 1368,2801 1388,2798 1404,2798 1454,2795 1488,2795 1522,2795 1556,2795 1590,2795 1625,2796 1659,2796 1693,2796 1727,2796 1761,2796 1796,2796 1830,2796 1864,2795 1898,2795 1932,2795 1967,2795 2001,2795 2035,2795 2069,2795 2103,2796 2138,2796"
                         HEIGHT="36"
                         WIDTH="1011"
                         VPOS="2775"
                         HPOS="1127">
                  <String ID="string_line_1618900008690_137"
                          HEIGHT="36"
                          WIDTH="1011"
                          VPOS="2775"
                          HPOS="1127"
                          CONTENT="Orient (I. u. II.) — Geſchichte der deutſchen Kaiſerzeit, von Wilh."/>
               </TextLine>
               <TextLine ID="r1l161"
                         BASELINE="1118,2832 1146,2832 1174,2832 1202,2833 1231,2834 1259,2835 1287,2836 1338,2842"
                         HEIGHT="35"
                         WIDTH="221"
                         VPOS="2812"
                         HPOS="1118">
                  <String ID="string_r1l161"
                          HEIGHT="35"
                          WIDTH="221"
                          VPOS="2812"
                          HPOS="1118"
                          CONTENT="v. Gieſebrecht."/>
               </TextLine>
               <TextLine ID="r1l165"
                         BASELINE="1157,2873 1205,2873 1254,2873 1302,2873 1351,2873 1399,2873 1448,2871 1496,2871 1545,2871 1593,2870 1642,2870 1690,2869 1739,2868 1787,2868 1836,2868 1884,2868 1933,2868 1981,2868 2030,2868 2078,2868 2127,2868"
                         HEIGHT="35"
                         WIDTH="970"
                         VPOS="2848"
                         HPOS="1157">
                  <String ID="string_r1l165"
                          HEIGHT="35"
                          WIDTH="970"
                          VPOS="2848"
                          HPOS="1157"
                          CONTENT="Feuilleton: Original⸗Erzählungen: Elsbeth von Reh⸗"/>
               </TextLine>
               <TextLine ID="r1l168"
                         BASELINE="1130,2907 1160,2910 1190,2909 1221,2912"
                         HEIGHT="35"
                         WIDTH="91"
                         VPOS="2887"
                         HPOS="1130">
                  <String ID="string_r1l168"
                          HEIGHT="35"
                          WIDTH="91"
                          VPOS="2887"
                          HPOS="1130"
                          CONTENT="lingen."/>
               </TextLine>
            </TextBlock>
            <TextBlock ID="TextRegion_1618899810550_22"
                       HEIGHT="49"
                       WIDTH="2083"
                       VPOS="2939"
                       HPOS="56">
               <Shape>
                  <Polygon POINTS="56,2939 2139,2939 2139,2988 56,2988"/>
               </Shape>
               <TextLine ID="r1l170"
                         BASELINE="195,2976 284,2978 374,2978 464,2978 554,2978 644,2978 733,2978 823,2977 913,2976 1003,2976 1093,2975 1182,2973 1272,2973 1362,2972 1452,2972 1542,2972 1631,2970 1721,2970 1811,2970 1901,2972 1991,2972"
                         HEIGHT="38"
                         WIDTH="1796"
                         VPOS="2950"
                         HPOS="195">
                  <String ID="string_r1l170"
                          HEIGHT="38"
                          WIDTH="1796"
                          VPOS="2950"
                          HPOS="195"
                          CONTENT="Verantw. Redacteur Prof. Reuſch. —Verlag von A. Henry in Bon. — Druck von Carl Georgi in Bonn."/>
               </TextLine>
            </TextBlock>
         </PrintSpace>
      </Page>
   </Layout>
</alto>
