2222 3058
95 65 54 39 487

623 70 994 44 Nr. 15 — Theologiſches Literaturblatt — 1866.

2088 81 69 33 488

87 165 1015 40 tullian) citirt B. ein Monument aus der Mitte des 6. Jahrh.,

93 208 1008 41 das bei der Reſtauration der Kathedrale von Peſaro entdeckt

95 252 991 40 wurde (Bullet. dell’ Instituto 1851, S. 203.) Man liest auf

77 294 231 37 einem Moſaik:

491 348 217 34 E HO N TO

497 390 171 33 TVS MEDI

484 432 217 34 VS SED PIS

486 476 222 32 CIS AB IMO

84 519 1002 36 Est homo non totus medius, sed piscis ab imo, wozu ein

86 564 1005 36 Weſen mit menſchlichem Oberleib, nach unten aber in einen Fiſch

77 604 1005 39 ausgehend, dargeſtellt iſt. Eine ähnliche Darſtellung wird als

86 649 1016 36 in der Taufkapelle zu S. Marco in Venedig befindlich ange⸗

78 692 1014 35 führt; dagegen blieb dem Verf. unbekannt, daß in dem Speculum

89 735 996 37 humanae salvationis aus Benedictbeuern, jetzt in München, ein

77 778 1012 36 Bild des keuſchen Joſeph ſich findet, der unten in einen Fiſchleib

81 822 1005 37 endigt, während die Verſuchung daneben als Schlange ſteht. E.

84 864 1005 36 Förſter, deutſche Kunſt I 197, will in dem Fiſchleibe Joſephs nur

84 906 1019 36 die kalte Fiſchnatur der Keuſchheit ſymboliſirt ſehen, was aller⸗

72 948 1017 37 dings nicht im Geiſte mittelalterlicher Symbolik gedacht iſt. „Der

78 993 1013 36 Fiſch bedeutet auch hier nur die im reinen Elemente lebende Seele

77 1034 1002 38 und eignet ſich zum Sinnbild für Joſeph, weil dieſer als Vor⸗

87 1080 687 36 bild Chriſti galt.” Menzel a. a. O. 290.

132 1122 945 37 Ein beſonderer Vorzug dieſer Monographie ſind die zahlreichen,

74 1167 1005 36 recht gut ausgeführten Holzſchnitte und Facſimilien von Inſchriften

80 1210 994 36 u. ſ. f., was um ſo dankenswerther erſcheint, als der Preis des

83 1252 1000 36 Buches gleichwohl ſo billig geblieben iſt. Die Ausſtattung iſt

77 1294 1003 38 überhaupt glänzend; nur hätte auf die Correctur der Druckfehler

84 1339 993 36 größere Sorgfalt verwendet werden können. Die Diction des

77 1383 1000 34 Verf. iſt fließend und angemeſſen, wenn auch einige Unebenheiten

68 1425 1015 36 einlaufen, die bei längerer Führung der Feder auswachſen werden.

156 1476 837 38 Pfalzel bei Trier. Franz Xav. Kraus.

477 1609 210 36 Liturgik.

77 1687 1011 35 Missale romanum etc. in quo Missae novissimae accu-

110 1726 964 35 rate sunt dispositae. Campoduni ex typographia Koeseliana.

114 1761 377 34 MDCCCLXV. 6½, Thlr.

105 1844 975 32 Miſſalien in unſerm Sinn des Wortes oder Missalia ple-

77 1888 999 33 naria gab es bekanntlich im chriſtlichen Alterthum und ſelbſt

63 1930 1014 33 im frühern Mittelalter noch nicht. Erſt ſeit dem 11. Jahr⸗

65 1972 1003 33 hundert wurde es nach und nach üblich, die früher in verſchie⸗

77 2016 997 33 denen Büchern (Sacramentarium, Lectionarium und Antiphona⸗

72 2058 996 34 rium) enthaltenen Beſtandtheile der Meßliturgie in Ein Buch

65 2101 1003 35 zuſammenzufaſſen, und dieſes Buch Missale plenarium, auch

62 2145 1019 34 kurzweg Missale zu nennen. — Voll Ehrfurcht gegen die litur⸗

75 2187 1005 34 giſchen Handlungen glaubte man von jeher und durch das ganze

77 2229 999 34 Mittelalter herab auch die liturgiſchen Bücher durch prachtvolle

77 2272 996 35 Schrift, Bilderſchmuck, koſtbaren, kunſtvollen Einband und ſorg⸗

56 2313 1011 39 ſame Aufbewahrung vor allen andern Büchern auszeichnen und

68 2359 997 35 ihnen ſo das Gepräge des Heiligen aufdrücken zu müſſen; die auf

65 2401 1015 35 uns gekommenen Sacramentarien, Lectionarien und Miſſalien

66 2443 1010 36 aus dem frühern und ſpätern Mittelalter legen hievon Zeugniß

66 2487 1008 34 ab. Noch lange nachdem die Buchdruckerkunſt erfunden war und

66 2529 1011 33 bereits große Fortſchritte gemacht hatte, ließen die Mönche

66 2574 999 33 nicht davon ab, Miſſalien mit herrlichen Initialen auf Perga⸗

59 2616 1006 33 ment zu ſchreiben, dadurch ihre Pietät gegen das hochheilige Op⸗

58 2658 1006 34 fer zu bethätigen und Sorge zu tragen, daß für hohe Feſttage

59 2703 1006 31 auch ein ausgezeichnetes liturgiſches Buch vorhanden ſei; noch

62 2746 1012 32 im 17. und vereinzelt im 18. Jahrhundert wurden Handſchriften

59 2790 1011 34 von Miſſalien auf Vergament für den liturgiſchen Gebrauch

68 2831 150 34 angefertigt.

113 2875 951 33 Die ſchönen Druckausgaben des Miſſale aus dem Ende des

62 2914 1012 36 15. und der erſten Hälfte des 16. Jahrhunderts (mit gothiſchen

59 2958 1012 39 Schriftcharakteren und Meßcanon auf Pergament) geben Zeugniß

1155 171 1015 42 davon, daß auch die jugendliche Buchdruckerkunſt Alles aufbot,

1163 214 994 41 die liturgiſchen Bücher, das Miſſale insbeſondere, in Rückſicht auf

1152 258 999 40 Format, Typen und Verzierung auszuzeichnen. Seitdem aber

1152 300 1005 40 (in der zweiten Hälfte des 16. und im Laufe des 17. und 18.

1149 342 1013 40 Jahrhunderts) die kirchliche Kunſt in allen ihren Verzweigungen

1152 387 999 40 immer mehr entartete und verfiel, wurde auch die typographiſche

1151 429 1003 40 Ausſtattung der liturgiſchen Bücher, die Miſſalien nicht ausge⸗

1151 474 1008 39 nommen, immer armſeliger und profaner. Der altehrwürdige, in

1151 516 1003 40 liturgiſchen Büchern ſeit Jahrhunderten ausſchließlich angewendete

1155 561 1015 39 gothiſche Schriftcharakter mußte der römiſchen Schrift weichen;

1145 603 1014 39 an die Stelle des Hochfolio trat bei den Miſſalien nicht ſelten

1139 645 1020 40 das Kleinfolio; die Initialen, ſofern überhaupt noch beſondere in

1154 687 996 42 Anwendung kamen, ſind meiſtens geſchmacklos, zopfig, ohne alle

1141 732 1012 39 ſymbolische Bedeutung, die eingefügten größern Bilder oft geradezu

1157 775 1002 41 häßlich, Typen und Papier ſo ſchlecht als möglich; ſogar der

1154 817 1005 39 untermiſchte Rothdruck, das letzte Unterſcheidungsmerkmal zwiſchen

1151 861 996 39 profanen und liturgiſchen Büchern, wurde in manchen Druckaus⸗

1148 903 1002 42 gaben des Miſſale nicht mehr beibehalten. Erſt in neueſter Zeit,

1138 945 1018 40 ſeitdem die kirchliche Kunſt in Deutſchland auf allen ihren Ge⸗

1137 990 1005 39 bieten einen neuen Aufſchwung genommen, hat man auch der

1145 1033 1013 39 Ausſtattung unſerer liturgiſchen Bücher, der Miſſalien insbeſon⸗

1128 1078 1032 39 dere, wieder eine größere Aufmerkſamkeit zugewendet. Das in

1139 1120 1005 39 Wien von Reiß herausgegebene Miſſale hat eigentlichen Kunſtwerth;

1145 1164 999 40 ſehr würdig ausgeſtattet iſt auch das neueſte Miſſale von Puſtet;

1145 1209 1008 37 dieſem kann ſich das oben angezeigte im Sommer 1865 bei

1145 1251 1005 37 Köſel in Kempten erſchienene als ebenbürtig an die Seite ſtellen.

1151 1294 993 38 Durch ganz Deutſchland und durch Polen hin ſind Tauſende

1149 1338 999 36 und Tauſende von Miſſalien verbreitet, welche aus der vormals

1139 1381 997 36 fürſtlichen, nachmals Köſel’ſchen Buchdruckerei in Kempten hervor⸗

1148 1426 997 35 gingen, und die im Vergleich mit andern im Laufe des vorigen

1145 1465 996 39 und zu Anfang dieſes Jahrhunderts erſchienenen Ausgaben, des

1134 1506 1007 43 Miſſale ſich vortheilhaft auszeichnen; ſie werden aber in jeder

1145 1549 841 42 Beziehung durch die neueſte Aufgabe weit übertroffen.

1194 1593 948 40 Das Format iſt mittleres Folio, das Papier ſchön und ſtark;

1142 1636 1002 42 die Lettern, welche auf dem ſchönen Papier ſich fürs Auge ganz

1139 1678 1022 41 wohlthuend präſentiren, ſind von entſprechender Größe, weder ſcharf

1136 1722 1005 40 und kantig noch zu fett; beſonders ſchön und ſehr exact ausge⸗

1131 1767 1020 39 führt iſt der Notendruck, und wir nehmen keinen Anſtand, zu

1133 1810 1011 39 behaupten, in Rückſicht auf Dauerhaftigkeit ſowie in Rückſicht

1134 1854 1001 37 auf Angemeſſenheit und Zweckmäßigkeit für das Auge des Cele⸗

1126 1897 1012 38 branten gehöre das in Rede ſtehende Miſſale zum Vorzüglichſten,

1136 1941 999 37 was die Neuzeit hierin aufzuweiſen hat. — Beurtheilen wir es

1139 1983 1006 37 vom artiſtiſchen Standpunkte aus, ſo können wir ihm allerdings

1130 2026 1008 36 das Prädicat „ausgezeichnet” nicht zuerkennen; eine reiche ar⸗

1134 2067 1017 37 tiſtiſche Ausſtattung hätte den Preis erhöht und in Folge deſſen

1127 2112 1009 37 die Anſchaffung erſchwert. Was zum Zwecke der Decoration

1134 2154 1005 37 in Anwendung kam, iſt einfach und würdig; das gilt von der

1139 2197 1007 39 Einfaſſung der Doppelcolumnen und von den meiſten Initialen,

1133 2241 1003 37 deren mehrere eigens für die betreffenden Meſſen (z. B. von Epi⸗

1134 2286 1020 34 phanie, Coena Domini, Parasceve, Oſtern, Pfingſten u. ſ. w.)

1134 2326 1005 36 geſchnitten ſind. Sehr ſchön iſt das Chriſti Geburt darſtellende

1139 2370 1008 36 Foliobild beim Weihnachtsfeſte; auch der Stahlſtich vor dem

1134 2412 1013 37 Canon und der beim Pfingſtfeſte sind gut; weniger hat uns der

1133 2455 1008 36 beim Oſterfeſte angeſprochen ¹). Zur Veranſchaulichung des modus

1166 2562 969 37 1) H. Deſſain in Mecheln hat zu ſeiner neueſten Groß⸗Folio Aus⸗

1121 2599 1026 36 gabe des Miſſale (1866) ſechs Bilder ſtechen laſſen, welche auch

1133 2635 1002 38 einzeln zu haben ſind. (Jedes Bild zu 1 Thlr. 10 Sgr., alle ſechs

1128 2673 1013 36 zuſammen in einem Portefeuille zu 6 Thlr. 12 Sgr., mit dem Titel

1134 2709 999 36 7 Thlr. 6 Sgr.) Sie ſind gezeichnet von Molitor und Deger, ge⸗

1128 2745 1022 37 ſtochen von Keller, Steifenſand und andern tüchtigen Künſtlern. Sie

1130 2781 1005 36 entſprechen — ſo wird uns von einem Kunſtverſtändigen geſagt —

1133 2818 1014 36 vollkommen ihrem Zweck und zeichnen ſich durch eine des Gegen⸗

1142 2854 994 36 ſtandes würdige Auffaſſung, durch correcte Zeichnung und ſchöne

1130 2890 1014 36 Gewandung vor vielen ähnlichen Blättern aus. Die Zeichnungen

1136 2926 1006 36 ſind durch den Stich in Linien⸗Manier treu, ſorgfältig und in den

1136 2965 1011 35 Geiſt des Zeichnens eingehend wiedergegeben. Als beſonders ge⸗
