2210 3163
71 76 87 34 695

614 73 996 37 Nr. 21 — Theologiſches Literaturblatt — 1866.

2069 70 79 37 696

72 174 1005 34 verlaſſen eine Zeit lang. Hiermit will aber der Evang. nicht

77 216 993 34 ſagen, Jeſus ſei noch oft verſucht worden, ſondern er weist mit

75 259 993 35 dieſen Worten auf die durch die Mächte der Finſterniß herbeige⸗

71 303 993 33 führte Scene der Angſt und Verlaſſenheit Jeſu am Oelberge hin,

77 344 999 35 welche eben Luk. 22, 41 ff. unter allen Evangeliſten am aus⸗

81 384 960 40 führlichſten geſchildert hat. L.

132 429 933 37 — Bei Vivès in Paris iſt eine neue Ausgabe der Werke

78 475 999 33 Boſſuets, beſorgt von Lachat, in 31 Bänden gr. 8 erſchienen,

75 516 999 36 1862—1866. Sie enthält mehrere bisher noch nicht gedruckte

74 561 997 34 Schriften, unter andern etwa 100 Briefe. Die bereits bekannten

78 603 1002 36 Werke ſind großentheils „nach den Original⸗Manuſcripten revi⸗

72 648 1008 34 dirt und von Interpolationen gereinigt.” Die Schriften, welche

75 690 992 34 Boſſuet nicht ſelbſt hatte drucken laſſen, ſind nämlich von den

71 733 991 35 frühern Herausgebern ſehr ungenau veröffentlicht, theilweiſe durch

78 776 1001 34 willkürliche Auslaſſungen, die Predigten auch durch weitläufige

66 818 1001 35 Ausführung der von Boſſuet bloß ſkizzirten Punkte entſtellt wor⸗

65 861 1009 37 den. „Niemals, ſagt de Maiſtre, iſt ein berühmter Schriftſteller

74 904 1006 35 hinſichtlich ſeiner hinterlaſſenen Schriften ſo unglücklich geweſen

69 948 999 34 wie Boſſuet. Der erſte Herausgeber war ſein erbärmlicher Neffe,

71 990 997 34 und dieſer hatte zu Nachfolgern fanatiſche Mönche, welche ſich

72 1032 995 37 durch ihre Ausgabe den gerechten Tadel des franzöſiſchen Klerus

71 1077 1005 34 zuzogen. Wie ſolche Herausgeber die hinterlaſſenen Schriften

62 1120 1015 35 dieſes großen Mannes behandelt haben, das weiß man schon zum

69 1164 1008 34 Theil und das wird man vollſtändig erfahren, wenn alle bei den

66 1206 1005 34 verſchiedenen Ausgaben benutzten Manuſcripte von irgend einem

68 1248 999 37 gründlichen Kritiker unterſucht ſein werden.” Auch die Ausgabe

63 1291 1008 35 von Verſailles 1815 ff. iſt von dieſen Mängeln nicht frei. In

72 1333 1002 36 neuerer Zeit haben ſich mehrere franzöſiſche Gelehrte mit der Unter⸗

78 1377 1001 36 ſuchung der Manuſcripte Boſſuets beſchäftigt; ausführlicher handeln

69 1419 1001 37 davon die Löwener Revue catholique 1866, 299 und beſonders

69 1462 996 36 P. Marquigny in den Pariſer Etudes religieuses, Juni 1866.

69 1504 1011 36 Letzterer erkennt an, daß der Text der neuen Ausgabe weſentlich

66 1548 1010 36 beſſer ſei, als der der frühern, weist aber zugleich auch manche

71 1589 1012 37 Mängel nach. In derſelben Zeitſchrift wird eine noch unvollen⸗

1143 170 1007 32 dete Geſchichte Boſſuets von A. Floquet¹) als eine auf ſehr

1140 213 791 33 fleißigem Quellenſtudium beruhende Arbeit gerühmt.

1178 255 958 34 — „Die drei ersten Evangelien synoptisch zusammen-

1133 298 1003 33 gestellt von Hermann Sevin, Stadtvicar in Durlach.” (Wies⸗

1133 343 1012 32 baden, Niedner 1866. IV u. 240 S. 8½ Thlr.) In dieſer

1149 387 987 31 glänzend ausgeſtatteten Schrift ſind die Texte der drei erſten

1137 429 999 31 Evangelien ſo abgedruckt, daß die Parallelſtellen neben einander

1128 472 1020 32 ſtehen. Nur dann hat der Herausgeber ſtatt des Paralleltextes

1134 516 1001 31 ſelbſt eine bloße Angabe der betreffenden Stelle beigefügt, wenn

1142 558 999 33 durch jenes Verfahren der Zuſammenhang zerriſſen worden wäre.

1151 601 987 33 Man hat alſo nicht Perikopen aus den Evangelien, ſondern dieſe

1146 645 993 31 ſelbſt vor ſich, und doch iſt zugleich die erwünſchte Ueberſicht über

1133 687 1014 34 das Material der Synoptiker geboten. Die Texte ſind, wenige

1142 731 999 32 S. III f. bemerkte Stellen ausgenommen, nach dem Cod. Sinait.

1134 774 978 37 gegeben. L.

1142 822 1003 33 Die folgenden Nummern werden u. a. enthalten Artikel über:

1149 867 929 34 Erdmann, Herder als Religionsphiloſoph, von C. Werner.

1143 903 761 31 Evelt, die Bursfelder Congregation, von Ennen.

1134 939 966 33 Gams⸗Wörner, Johann Adam Möhler, von Reithmayr.

1143 975 998 34 Lübke, Vorſchule 3. Studium der chriſtl. Kunſt, von F. X. Kraus.

1142 1014 966 31 Niedner, Handbuch der Kirchengeſchichte, von H. Hagemann.

1143 1051 669 30 Otte, Kunſtarchäologie, von F. X. Kraus.

1134 1086 833 31 Ulrici, Gott und der Menſch, von Katzenberger.

1142 1123 766 32 Weber, Kants Dualismus, von Katzenberger.

1172 1168 978 30 Correſpondenz der Redaction. — No. 16: Dankend erhal⸗

1140 1203 945 34 ten. — No. 40: desgl. — No. 66: desgl. — No. 76: desgl. —

1142 1240 996 33 No. 94: desgl. Die Notiz über Martigny brieflich erledigt. Pſeudo⸗

1143 1276 992 33 nym geht es nicht. Ueber Anderes ſchreibe ich. — No. 184: Dan⸗

1139 1314 999 31 kend erhalten. — Dr. F. B. in H.: desgl — Cm: Ich hatte Ihnen

1145 1351 997 32 ſchon nach B. geſchrieben. Die Notizen hoffe ich verwerthen zu

1140 1386 99 33 können.

1178 1446 964 31 1) Etudes sur la vie de Bossuet jusqu’à son entrée en fon-

1136 1482 1003 31 ctions en qualité de précepteur du Dauphin (1627—1670). 3 vol.

1134 1518 1011 31 8. Paris, F. Didot 1855. — Bossuet précepteur du Dauphin,

1145 1552 999 33 fils de Louis XIV,, et évêque à la cour (1670—1682). 1 vol.

1130 1588 138 33 ib. 1866.

891 1699 428 34 Anzeigen.

641 1754 942 38 Verlag der Fr. Hurter’ſchen Buchhandlung in Schaffhauſen.

920 1798 922 38 Von Dr. Fr. Lorinſer. Zweiter Band: Oſter⸗Cyklus.

56 1829 2082 41 Katholiſche Predigten. fl. 3. 24. Rthlr. 2. —. L. 7. —.

164 1879 1975 36 Eine Recenſion hierüber ſagt: „Ich muß es geſtehen, mir iſt noch kein Band von deutſchen Predigten unter die Hände gekommen,

60 1918 2087 32 der mich ſo gefeſſelt und ſo befriedigt hätte. Die Schönheiten des katholiſchen Glaubens werden in dieſen Predigten ſo einfach, klar, zart

75 1954 2080 33 und allſeitig erſchloſſen, daß ſich darüber ſtreiten ließe, was gelungener ſei, die Allſeitigkeit der Anſchauung oder die Freiheit der Ausführung.”

60 2001 2076 58 Der römiſche Katechismus, herausgegeben auf Befehl der Kirchenverſammlung zu Trient, in Kanzelvorträgen, ver⸗

846 2037 1296 33 theilt auf die Sonntage des Kirchenjahres und mit Zugrundelegung der ſonntäglichen

68 2072 2068 37 Evangelien⸗Abſchnitte, gehalten von Fr. Küntzer. Zweiter Jahrgang. fl. 2. 24. Rthlr. 1. 12. L. 5. —.

62 2113 2082 65 Handbücher für das prieſterliche Leben. Herausgegeben von J. Holzwarth. 14 Bdchn. Auch u. d. T.:

1187 2148 958 39 Rufe der Kirche aus allen Jahrhunderten an das Herz

56 2190 2001 33 der Prieſter. 3. Bändchen. Rufe aus der Kirche der Väter über das Hirten⸗ und Predigtamt, über Gebet und Studium. I.

1547 2227 586 35 fl. 1. 12. Rthlr. — 22½. L. 2. 50.

167 2260 594 39 Zu beziehen durch alle Buchhandlungen.

102 2324 977 37 Im Verlage von Friedr. Regensburg in Münſter iſt erſchienen

60 2369 612 32 und in allen Buchhandlungen zu haben:

89 2434 957 39 Hermann II., Biſchof von Münſter (1174—1203)

534 2491 48 36 und

78 2555 974 39 Bernhard II., Edelherr zur Lippe (1140—1224).

401 2617 348 36 Zwei Lebensbilder

263 2672 607 36 aus der älteren weſtfäliſchen Geſchichte

504 2722 120 37 nach den

246 2783 657 36 Quellen und Urkunden herausgegeben

372 2837 405 38 von Dr. Ad. Hechelmann.

335 2902 466 34 gr. 8⁰. geh. Preis: 15 Sgr.

1518 2326 260 43 Grundlage

1235 2396 799 39 des chriſtlichen Glaubens.

1463 2449 361 37 Von B. Neteler, Vicar.

1418 2494 462 39 kl. 8⁰. geh. Preis 7½ Sgr.

1488 2584 323 37 Die Anfänge

1625 2633 30 36 der

1169 2705 967 39 Bursfelder Benedictiner⸗Congregation

1308 2764 657 34 mit beſonderer Rückſicht auf Weſtfalen.

1482 2809 324 37 Von Dr. Jul. Evelt,

1151 2858 975 34 Prof. an der philoſophiſch⸗theologiſchen Lehranſtalt zu Paderborn.

1415 2902 447 36 gr. 8⁰. geh. Preis: 6 Sgr.

231 2961 1740 37 Verantw. Redacteur Prof. Reuſch. — Verlag von A. Henry in Bonn. — Druck von Carl Georgi in Bonn.
