2217 3042
99 74 30 36 3

650 73 958 37 Nr. 1 — Theologiſches Literaturblatt — 1866.

2132 64 50 52 4

87 174 1011 31 Leſer aber bitte ich, bei der Beurtheilung der Leiſtungen des Lite⸗

101 216 1015 31 raturblattes die Schwierigkeiten nicht außer Acht zu laſſen, welche

101 258 994 34 von einem derartigen Unternehmen namentlich im Anfange unzer⸗

93 300 227 34 trennlich ſind.

128 345 973 31 Die Mitarbeiter ſind darin einig, daß ſie die literariſchen Fra⸗

98 388 999 32 gen in kirchlichem und wiſſenſchaftlichem Geiſte erörtern wollen.

101 432 1011 31 Die Redaction hält ſich berechtigt und verpflichtet, Einſendungen,

95 474 996 31 die dem Inhalte oder der Form nach für das Blatt nicht geeignet

82 514 1009 36 ſind, zurückzuweiſen. Im Uebrigen aber iſt jeder Mitarbeiter

95 561 996 31 in der freien Aeußerung ſeiner wiſſenſchaftlichen Ueberzeugungen in

92 601 997 36 den von ihm unterzeichneten Aufſätzen nicht beſchränkt. Die

92 646 1005 32 Redaction gibt demgemäß durch die Aufnahme eines Aufſatzes

80 690 1022 31 nicht ihre Zuſtimmung zu allen darin ausgeſprochenen Anſichten

96 732 996 31 zu erkennen. Noch weniger ſind die Mitarbeiter für etwas An⸗

92 774 1000 34 deres verantwortlich als für das, was ſie ſelbſt geſchrieben. Die

89 819 1011 31 von dem Redacteur unterzeichneten Artikel haben in dieſer Hinſicht

84 858 504 34 vor den übrigen nichts voraus.

126 903 968 33 Wenn das Literaturblatt ſich den Charakter einer wiſſen⸗

71 942 1033 37 ſchaftlichen Zeitſchrift wahren muß, ſo ſoll damit nicht geſagt

87 990 1008 31 ſein, daß es ausſchließlich oder auch nur vorzugsweiſe für Ge⸗

80 1032 1002 31 lehrte beſtimmt ſei. Redaction und Mitarbeiter werden ſich viel⸗

93 1073 999 35 mehr beſonders angelegen ſein laſſen, das Blatt nach Einrichtung,

90 1116 999 34 Inhalt und Form der Darſtellung zu einer für alle Geiſtlichen

93 1162 993 33 und gebildeten Laien, die ſich für theologiſche Wiſſenſchaft intereſ⸗

89 1204 997 37 ſiren, verſtändlichen, belehrenden und anziehenden Lectüre zu

80 1245 118 36 machen.

872 1289 132 36 Reuſch.

333 1396 510 36 Bibliſche Archäologie.

83 1468 1009 32 Introductio in Sacram Scripturam auctore Val. Laur. de Biasi [Prof.

123 1503 985 34 an der theol. Facultät zu Olmütz]. Tom. I. A. u. d. T. Archaeo-

116 1542 973 31 logia biblica, originem, evolutionem et vitam humani generis

111 1579 981 30 domesticam, iuridico-politicam et religioso-moralem biblice

110 1615 981 30 exhibens, in theologorum, iuristarum politicorumque usum

113 1651 976 32 et commodum. Regensburg, Manz. 1865. XII u. 567 S. 8.

108 1686 165 36 2 ¼ Thlr.

116 1755 955 33 Der Verf. nimmt die Bezeichnung „Einleitung in die h. Schrift”

81 1795 1017 36 in der weitern Bedeutung, wonach ſie außer der gewöhnlich ſo⸗

78 1843 1005 30 genannten Einleitung in das A. und N. T. auch die bibliſche

74 1883 1023 32 Archäologie, die bibliſche Geſchichte und Geographie und die bibli⸗

80 1926 997 31 ſche Hermeneutik umfaßt. Auf den erſten, die Archäologie behan⸗

80 1969 996 32 delnden Band ſoll ein zweiter folgen, der die eigentliche Einlei⸗

83 2011 1013 33 tung in das A. und N. T. (Bibliologia), und ein dritter, der

77 2053 1006 33 die Geographia-Historia-Hermeneutica Biblica behandeln wird.

72 2097 1008 31 (In welchem innern Zuſammenhange dieſe drei Fächer nach der

77 2139 1012 31 Anſicht des Verf. ſtehen, daß er ſie S. 2 zuſammen als dritten

71 2181 1012 33 Theil der geſammten bibliſchen Einleitung bezeichnet, und warum

68 2223 1012 33 er die bibliſche Kritik nicht mit erwähnt, wird nicht angegeben.)

78 2266 1013 33 Der Verf. motivirt dieſe Anlage ſeines Buches in den erſten

81 2308 1012 33 Sätzen des Vorworts ſo: in der k. k. Miniſterialverordnung vom

77 2351 1015 32 29. März 1858 werde die bibliſche Einleitung unter den obliga⸗

68 2393 1019 34 toriſchen Unterrichtsgegenſtänden für die Theologie⸗Studirenden

63 2437 1026 35 aufgezählt; es ſeien damit unzweifelhaft die ſämmtlichen oben ge⸗

63 2479 1011 35 nannten Hülfswiſſenſchaften der Exegeſe gemeint; in der Praxis

65 2523 1008 33 aber werde die Bezeichnung „bibliſche Einleitung” in der engern

74 2565 1005 36 Bedeutung genommen; ſein Buch ſolle alſo den Intentionen der

62 2608 1020 33 Miniſterialverordnung gerecht werden. Ein innerer, wiſſenſchaft⸗

69 2650 1011 33 licher Grund für die Abweichung von dem jetzt herrſchenden Sprach⸗

62 2692 895 35 gebrauche wird nicht angegeben, iſt auch nicht zu erſehen.

114 2736 960 34 Die gewöhnliche Eintheilung der bibliſchen Alterthümer in häus⸗

62 2778 1021 34 liche, politiſche und religiöſe hat der Verf. beibehalten. Die

62 2823 1012 31 einzelnen in Betracht kommenden Gegenſtände werden ſämmtlich,

65 2866 1005 32 und durchgängig mit vollſtändiger Berückſichtigung der betref⸗

60 2908 1008 33 fenden Bibelſtellen behandelt. Es werden aber vielfach unterge⸗

63 2952 1014 33 ordnete Puncte mit unverhältnißmäßig großer, wichtige und ſchwie⸗

1160 169 997 36 rige Puncte mit unverhältnißmäßg geringer Ausführlichkeit, be⸗

1153 209 1009 38 ſprochen. Der Artikel „de pastoritie biblica“ z. B. umfaßt 15

1163 255 996 36 Seiten, die vier Paragraphen de venatione, praedatione, pis-

1163 298 1013 36 catione und apicultura biblica zuſammen über drei Seiten;

1163 342 996 37 dagegen wird z. B. die Symbolik der Stiftshütte S. 411 in acht⸗

1166 384 994 34 zehn Zeilen, die Symbolik der hohenprieſterlichen Kleidung S. 498

1154 427 1022 36 in zwölf Zeilen und die Frage über den Tag des letzten Abend⸗

1157 471 769 31 mahls S. 473 auf anderthalb Seiten abgemacht.

1199 513 957 37 Gerade die Seite, welche bei einer wiſſenſchaftlich⸗theologiſchen

1163 558 1005 34 Behandlung der bibliſchen Alterthümer von beſonderer Wichtigkeit

1146 600 1014 34 iſt, die Symbolik und Typik der altteſtamentlichen Inſtitutionen,

1154 642 997 34 iſt ſehr mangelhaft. Was kann z. B. ungenügender ſein, als fol⸗

1161 685 989 36 gende Bemerkung über die Symbolik der Stiftshütte? „Dieſes

1160 729 1010 34 Zelt hatte eine ſymboliſche Beziehung zu dem Hofe des Gott⸗

1148 771 1002 34 Königs, welche verſchieden entwickelt zu werden pflegt. Nach Philo

1148 814 1005 33 z. B. war das Ganze ein Symbol des Weltalls, in welchem

1164 854 998 37 Gott herrſcht und verehrt wird, der Vorhof ein Symbol, des

1147 899 1030 35 ſichtbaren, das Heiligthum ein Symbol des unſichtbaren Theiles;

1154 942 1005 34 die vier Decken und die vier Farben ein Symbol der vier Ele⸗

1145 982 1008 36 mente u. ſ. w. Nach Flavius war das Allerheiligſte ein Bild des

1163 1026 993 36 Himmels, das Heilige der Erde, der Vorhof des Meeres u. ſ. w.

1157 1068 997 37 Nach den h. Vätern iſt die Bedeutung dem Geſagten mehr oder

1154 1110 1000 37 weniger entſprechend, mit hinzukommenden Erläuterungen: ſo konn⸗

1148 1153 1023 40 ten z. B. nach dem h. Gregorius die drei Reihen von Teppichen,

1160 1197 997 34 welche ſeine verſchiedenen Theile trennten, — den Vorhof von

1148 1240 1014 36 dem Raume außerhalb, das Heilige vom Vorhof, das Allerheiligſte

1151 1282 1008 36 vom Heiligen — auf die Schwierigkeiten hinweiſen, welche bei

1149 1326 1008 36 der Erſtrebung der Erkenntniß oder des Genuſſes der verborgenen

1148 1369 1009 35 göttlichen Wunder zu überwinden ſind, und die vier Decken des

1157 1411 997 36 Zeltes auf die Nothwendigkeit, zur himmlischen Freude zu gelangen

1157 1452 996 37 entweder durch ein unſchuldiges Leben, welches durch die innerſte

1154 1494 1006 39 koſtbarere Decke verſinnbildet wird, oder durch die drei Stufen der

1151 1537 1009 38 Buße, welche die drei andern weniger koſtbaren Decken verſinn⸗

1145 1581 423 31 bilden, u. ſ. w. (S. 441).

1196 1623 957 37 Bei dieſen Puncten vermißt man mehr noch als bei andern

1144 1665 1015 37 eine Berückſichtigung der reichhaltigen neuern Literatur. Zu der

1148 1710 1018 36 angeführten Stelle wird zwar Bähr citirt; aber eine Bekannt⸗

1144 1753 1006 36 ſchaft mit dem Inhalte ſeines bekannten Werkes darf man dem

1151 1797 1002 34 Verf. wohl abſprechen, wenn auch das eigenthümliche Citat:

1151 1840 1011 33 „Baehr, Symbolik des Moſaiſchen Cultus apud Thesaurum

1151 1881 855 36 Ugolini Tom. 8 et 9” auf einem Druckfehler beruht.

1203 1926 954 33 In der Ueberſicht der Literatur werden S. 12 von neuern Be⸗

1145 1966 1002 36 arbeitern der Archäologie nur Jahn, Allioli und Löhnis, Warne⸗

1143 2008 1019 38 kros, Roſenmüller und de Wette und Munck genannt. Hie und

1142 2052 1024 34 da finden ſich freilich in den Anmerkungen auch andere neuere

1152 2094 1001 37 Werke citirt, ſehr oft das Freiburger Kirchen⸗Lexikon; aber von

1136 2134 1009 39 einer eingehenden Berückſichtigung derſelben iſt nicht viel wahrzu⸗

1142 2178 106 33 nehmen.

1182 2220 969 36 Die Entwicklung der einzelnen Puncte erhält oft durch die

1148 2263 1002 36 ſchulmäßige Anwendung von ſteifen Diſtinctionen und von For⸗

1133 2307 1017 34 meln, wie quaeritur oder obiicies und respondetur, probatur

1145 2349 1002 36 a) ex absurdo alias nato, b) ex rei natura u. ſ. w., ast, ergo

1145 2391 1015 36 u. dgl. eine dem Gegenſtande durchaus nicht angemeſſene Form.

1139 2434 1017 35 Als Beiſpiel mag gleich der Anfang dienen: Introductio est

1146 2478 1005 34 vox, quae triplici notione, etymologica, usuali seu metony-

1137 2520 1019 34 mica et scientifica gaudet. Etymologice (ex intra et ductio)

1130 2565 1018 31 significat actum introducendi; usualiter seu metonymice

1143 2607 1008 31 denotat id, quod veluti medium ad finem aliquem conse-

1133 2650 1026 32 quendum utiliter ac necessario praemittitur; scientifice ob-

1139 2692 1018 33 iective est expositio systhematica, solida et erudita noti-

1140 2734 1005 33 tiarum utilium et necessariarum ad aliquem finem scienti-

1136 2776 1012 33 ficum melius consequendum proposita; subiective erudita,

1130 2820 1018 31 solida et systhematica cognitio notitiarum modo dictarum.

1136 2862 1014 33 His praehabitis notiones Introductionis Sac. Scripturae iuxta

1133 2905 1018 33 triplicem antedictum conceptum sponte fluunt: nam eo titulo

1137 2947 1008 33 exprimitur etymologice actus, quo quis in Sacram Scriptu-
