2212 3051
69 72 54 34 31

630 73 960 35 Nr. 1 — Theologiſches Literaturblatt — 1866.

2096 76 57 33 32

320 169 522 33 Neueſte Erſcheinungen

107 220 931 38 aus der Herder’ſchen Verlagshandlung in Freiburg.

84 276 987 36 Hettinger, Dr. Fr., Apologie des Chriſtenthums. Erſter

107 313 972 36 Band in zwei Abtheilungen. Zweite, vermehrte Auflage. kl. 8.

108 348 971 40 XII und 890 S. Preis: Thlr. 2. 10 Sgr. — fl. 4. — fl. 3.

111 384 222 34 50 kr. ö. W. B.

74 433 999 33 Kieſel, Dr. K., Die Weltgeſchichte für höhere Schulen und

104 469 972 35 Selbſtunterricht überſichtlich dargeſtellt. Zweite Auflage. Vierte

107 504 980 39 Lieferung. gr. 8. Preis jeder Lieferung: 12 Sgr. — 42 kr. —

111 540 227 34 60 kr. ö. W. B.

72 586 999 36 Laemmer, Dr. H., In decreta concilii Ruthenorum Za-

113 621 971 37 mosciensis animadversiones theologico-canonicae. kl. 4.

99 657 603 36 63 S. Preis: 28 Sgr. — fl. 1. 36 kr.

62 705 1006 34 Lindemann, W., Geſchichte der deutſchen Literatur. Erſte

104 741 972 36 und zweite Lieferung. gr. 8. 288 S. Preis jeder Lieferung:

114 775 956 38 12 Sgr. — 42 kr. Dieſes Werk wird in 5 Lieferungen binnen

101 814 502 33 kurzer Friſt vollſtändig erſcheinen.

74 861 1003 34 Scheeben, Dr. M. J., Die Myſterien des Chriſtenthums.

104 897 975 31 Weſen, Bedeutung und Zuſammenhang derſelben nach der in ihrem

108 933 959 34 übernatürlichen Charakter gegebenen Perſpektive dargeſtellt. gr. 8.

111 969 788 36 XV und 772 S. Preis: Thlr. 2. 10 Sgr. — fl. 4.

59 1015 1018 32 Schuſter, Dr. J., Handbuch zur Bibliſchen Geſchichte des

105 1051 966 33 Alten und Neuen Teſtaments. Für den Unterricht in Kirche und

107 1089 958 31 Schule, ſowie zur Selbſtbelehrung. Mit vielen Holzſchnitten und

99 1123 966 35 Karten. Sechſte und ſiebente Lieferung (Schluß). gr. 8. XII

98 1158 976 39 u. 608 S. Preis: Thlr. 1. 6 Sgr. — fl. 2. — fl. 1. 80 kr.

95 1194 161 33 ö. W. B.

171 1233 897 34 Das vollſtändige Werk in 7 Lieferungen oder 2 Bänden

101 1267 909 39 koſtet: Thlr. 4. 6 Sgr. — fl. 7. — fl. 6. 30 kr. ö. W. B.

65 1315 1029 35 Speil, Dr. F., Die Lehren der katholiſchen Kirche gegen⸗

102 1350 977 34 über der proteſtantiſchen Polemik. gr. 8. IV u. 360 S. Preis:

108 1386 464 34 Thlr. 1. 10 Sgr. — fl. 2. 12 kr.

75 1431 1002 31 Voſen, Dr. Chr. H., Der Katholicismus und die Einſprüche

113 1467 966 33 ſeiner Gegner, dargeſtellt für jeden Gebildeten. Zweiter Band.

107 1502 973 35 gr. 8. IV u. 480 S. Preis: Thlr. 1. 15 Sgr. — fl. 2. 30 kr. —

98 1539 328 34 fl. 2. 25 kr. ö. W. B.

177 1575 897 34 Das vollſtändige Werk in 2 Bänden koſtet Thlr. 2. 21 Sgr.

100 1609 601 36 — fl. 4. 30 kr. — fl. 4. 5 kr. ö. W. B.

101 1687 963 36 Im Verlage des Unterzeichneten ſind im Laufe des Jahres 1865

65 1725 811 33 erſchienen und durch alle Buchhandlungen zu beziehen:

66 1770 1007 36 Becker, Dr. D., Die Kirche und die Naturforſchung. kl. 8.

105 1806 197 34 geh. 7½ Sgr.

65 1852 1002 36 Bernardus, des hl. Abtes und Kirchenlehrers, 73 Ermahnungs⸗

111 1890 971 36 reden über die Hauptpflichten des Chriſten. 8. geh.

102 1926 117 30 Thlr. 1.

59 1972 1012 33 Bosizio, P. A., Das Hexaemeron und die Geologie. 8.

105 2008 306 32 geh. Thlr. 2. 10 Sgr.

74 2053 1002 36 Brück, Dr. H., Die rationaliſtiſchen Beſtrebungen im

93 2089 994 33 kathol. Deutſchland, beſonders in den drei rheiniſchen Erz⸗

96 2124 990 36 bisthümern in der zweiten Hälfte des achtzehnten Jahrhunderts.

98 2161 243 35 8. geh. 15 Sgr.

62 2206 1005 36 Dalgairus, J. B., Der heil. Stephan Harding, Stifter

96 2241 977 36 des Ordens von Citeaux. Ein Zeit⸗ und Lebensbild. 8.

99 2280 176 31 geh. 18 Sgr.

56 2323 1018 38 Dieringer, Dr. F. X., Laienkatechismus über Religion,

95 2361 885 34 Offenbarung und Kirche. 8. geh. Thlr. 1. 20 Sgr.

59 2404 1008 38 Drexelius, J., Jeſus Chriſtus die Wonne des Menſchen⸗

92 2442 835 36 geſchlechtes. 3 Bände. 8. geh. Thlr. 2. 15 Sgr.

65 2487 1006 37 Haffner, Dr., Der Materialismus in der Culturgeſchichte.

92 2523 259 34 8. geh. 24 Sgr.

66 2568 1001 37 Ketteler, W. E., Biſchof von Mainz, Kann ein gläubiger Chriſt

110 2604 616 40 Freimaurer ſein? 5. Auflage. 7½ Sgr.

65 2649 1005 36 Martin, Dr. C., Biſchof von Paderborn, Das Ave Maria für

101 2685 747 37 fromme Marien⸗Verehrer. 8. geh. 15 Sgr.

68 2728 1008 36 Monfang, Dr. Ch., Cardinal Wiſeman und ſeine Ver⸗

92 2766 796 37 dienſte um die Wiſſenſchaft. 8. geh. 6 Sgr.

65 2809 996 39 Sammlung von Aktenſtücken, bezüglich der Gründung einer

98 2848 979 36 freien kath. Univerſität in Deutſchland. Herausg. von

95 2883 561 37 dem Centralcomité. 8. geh. 10 Sgr.

1133 171 1012 31 Schäzler, C. v., Natur und Uebernatur. Das Dogma von

1176 208 972 30 der Gnade und die theol. Frage der Gegenwart. Eine Kritik der

1169 244 714 32 Kuhn’ſchen Theologie. 8. geh. Thlr. 1. 15 Sgr.

1131 288 1035 34 Stöckl, Dr. A., Geschichte der Philosophie des Mit-

1172 324 992 34 telalters. 1. Band. 8. geh. Thlr. 1. 22½ Sgr. 2. Band.

1163 361 978 33 8. geh. Thlr. 4. 15 Sgr. Der dritte Band erscheint im Laufe

1166 397 816 35 des Jahres 1866 und ist dann das Werk complet.

1235 444 210 33 Mainz 1865.

1665 495 392 34 Franz Kirchheim.

1167 600 890 33 Einladung zur Pränumeration auf den II. Jahrgang 1866

1199 666 895 34 Der Sendbote des göttlichen Herzens Jeſu.

1341 718 594 33 Monatsſchrift des Gebets⸗Apoſtolates.

1254 778 753 35 Mit Genehmigung der geiſtl. Obern herausgegeben

1611 829 45 30 von

1476 879 318 34 Joſeph Malfatti,

1178 915 906 34 Prieſter der Geſellſchaft Jeſu und Direktor des Apoſtolates in Deutſchland.

1172 963 961 36 Sämmtliche Poſt⸗Anſtalten nehmen Beſtellungen hierauf entgegen

1133 1000 1000 35 und liefern den Jahrgang, aus 12 Heften gr. 8.⸗Format beſtehend,

1136 1036 1003 36 für den ungemein billigen Preis von fl. 1. 12 kr. öſterr. Währ.,

1136 1074 585 33 fl. 1. 28 kr. ſüdd. Währ. oder 25 Ngr.

1172 1122 451 33 Innsbruck, Dezember 1855.

1737 1168 312 33 Felician Rauch’s

1683 1209 411 39 Verlagsbuchhandlung

1175 1311 960 33 Im Verlage der Henſen’ſchen Buchhandlung (Albert Jacobi)

1133 1347 1006 34 in Aachen iſt ſo eben erſchienen und in allen Buchhandlungen zu

1131 1383 93 36 haben:

1481 1432 304 35 Die Ausſchließung

1635 1477 18 33 der

1200 1531 873 35 Selbſtmörder, öffentlichen Sünder

1632 1581 15 30 und

1326 1636 636 33 Sacramentenverſchmäher

1605 1683 50 34 vom

1460 1734 342 31 kirchlichen Begräbniſſe.

1358 1782 567 33 Eine Paſtoral⸗Diſſertation

1614 1828 48 30 von

1469 1875 313 31 Dr. E. Berriſch,

1413 1912 450 38 Pfarrer zu Niederau, Decanat Düren.

1541 1954 180 33 Breis 8 Sgr.

1130 2037 778 34 Pauls, P. Dr., Domprobſt in Aachen

1193 2076 890 43 7 Worte Jeſu am Kreuze. 2. Auflage. Preis 7½ Sgr.

1205 2116 835 42 7 Hauptſünden. 4. Auflage . . . . „7½ „

1206 2157 819 52 7 Haupttugenden. 2. Auflage . . . . „7½ „

1199 2191 760 53 Das Vaterunſer. 3. Auflage . . . . „7½ „

1202 2229 682 33 Der Kampf des Chriſten. 2. Auflage . „7½ „

1263 2260 734 36 (Alle 35 Faſtenpredigten zuſammen kosten 1 Thlr.)

1214 2301 938 31 Kurze Frühpredigten für alle Sonntage des katholiſchen Kirchen⸗

1130 2337 534 33 jahres. 5. Auflage. Preis 15 Sgr.

1530 2412 207 34 Vorbereitung

1572 2464 114 30 zu einer

1328 2520 615 39 glücklichen Ehe

1626 2578 30 30 für

1440 2622 396 34 Jünglinge und Jungfrauen

1230 2668 806 36 von einem Pfarrer der Erzdiöceſe Cöln.

1398 2716 483 36 Zweite vermehrte Auflage.

1322 2763 633 33 Mit Genehmigung der geiſtlichen Obrigkeit.

1539 2805 191 34 Preis 5 Sgr.

1211 2851 942 33 Der allgemeine Beifall, den dieſes Büchelchen beim hochwürdi⸗

1125 2890 993 32 gen Clerus gefunden hat, überhebt uns jeder weitern Empfehlung.

200 2955 1783 39 Verantw. Redacteur Prof. Reuſch. — Verlag von A. Henry in Vonn. — Druck von Carl Georgi in Bonn.
