2215 3053
53 76 96 36 223

623 67 975 42 Nr. 7 — Theologiſches Literaturblatt — 1866.

2069 64 78 37 224

323 193 480 37 Literariſche Notizen.

96 261 977 37 — Der kürzlich erſchienene fünfte Band von Tiſchendorfs

65 306 1008 37 Monumenta sacra inedita enthält die neuteſtamentlichen Briefe

66 349 1011 36 aus einem Palimpſeſte im Beſitze des ruſſiſchen Biſchofs Porphy⸗

68 391 1003 38 rius Upenski, den Tiſchendorf dem 8. und 9. Jahrhundert zu⸗

63 435 1005 36 weist, aber als rara textus antiquitate insignis bezeichnet.

71 477 1003 36 Die Apoſtelgeſch. und die Apokalypſe aus derſelben Handſchrift

66 519 762 37 ſoll ein ſpäterer Band der Monumenta bringen.

111 561 972 39 — Das große chaldäiſch⸗talmudiſch⸗rabbiniſche Lexikon von

69 603 1005 39 Buxtorf (herausg. 1639) erſcheint jetzt bei M. Schäfer in

72 648 999 39 Leipzig in einer neuen Ausgabe mit vielen Ergänzungen und

75 688 1008 39 Verbeſſerungen; die Herausgeber ſind: B. Fischer, theologus

66 729 1007 42 Hebraeus, et H. Gelbe, theologus Christianus. Das Buch

66 771 1007 42 erſcheint in Quartformat in 25 Lieferungen à 15 Sgr. — Gleich⸗

62 814 1015 42 zeitig erſcheint ein „Chaldäiſches Wörterbuch über die Targumim

59 853 1026 44 und einen großen Theil des rabbiniſchen Schriftthums” von

72 896 1008 44 Rabb. Dr. J. Levy (Leipzig, Baumgärtner, 8—9 Lieferungen

68 949 433 32 von 96 S. 4., à 1 Thlr.).

78 985 1002 38 — Da in dieſen Blättern ſchon mehrere bittere Aeußerungen

72 1029 998 37 proteſtantiſcher Schriftſteller gegen die Marienverehrung erwähnt

72 1071 992 37 worden ſind, ſo mag auch an ein ſchon 1863 erſchienenes Schrift⸗

66 1113 998 40 chen anderer Richtung erinnert werden: „Evangeliſches Ave Ma-

60 1156 1007 39 ria. Ein Beitrag zur Lehre von der ſelig zu preiſenden Jungfrau.

72 1200 998 37 Von W. O. Dietlein, l. th. V. D. m.” (Halle, Fricke, 180 S.

69 1243 1008 38 18 Sgr.) Das Schriftchen enthält Manches, was vom wiſſen⸗

66 1287 1004 37 ſchaftlichen Standpunkte als unhaltbar oder ungenügend, Man⸗

60 1329 1011 37 ches, was vom katholiſch⸗kirchlichen Standpunkte als irrig be⸗

62 1371 1008 39 zeichnet werden muß; aber es enthält auch viel Beachtenswerthes

66 1413 1010 37 und iſt als „ein aus gutem evangeliſchen Gewiſſen kommender

62 1458 1011 36 Verſuch, zu ſagen, was Maria iſt und was ſie uns ſein muß”,

59 1495 1021 44 eine ebenſo intereſſante als ſeltene Erſcheinung; denn von der pro⸗

63 1539 1022 43 teſtantiſchen Theologie im Allgemeinen darf der Verf. mit Recht

81 1581 1004 43 ſagen: „Ein ſelbſtändiges Verlangen, auf dieſe Fragen einzu⸗

78 1624 1002 42 gehen, iſt in unſerer Wiſſenſchaft ſo wenig vorhanden, daß kaum

74 1668 999 42 je dieſelben berührt werden, außer wenn es gilt, über das, was

69 1711 1005 42 die römiſche Kirche in Betreff Maria’s lehrt und thut, Weherufe

62 1762 172 38 zu erheben.”

111 1797 969 40 — Unter dem Titel Eine Geographie aus dem 13. Jahr-

69 1840 1011 39 hundert hat Ign. B. Zingerle (als beſond. Abdruck aus den

66 1881 1004 40 Sitzungsberichten der kaiſ. Akad. d. Wiſſ. Wien, Gerold 1865

78 1926 1001 37 88 S. 8. 12 Sgr.) einen 1525 Verſe umfaſſenden Abſchnitt

69 1968 1023 40 aus der »Cristherrechronik« (Weltchronick Rudolf’s v. Ems?)

66 2013 1005 37 herausgegeben, gewiſſermaßen ein Compendium und ein in ſich

74 2055 993 37 abgerundetes, von geſchickter Hand entworfenes Geſammtbild der geo⸗

1136 166 1011 35 graphiſchen Kenntniſſe jener Zeit: eine willkommene Gabe für alle

1142 208 1003 35 Freunde der mhd. Dichtung und insbeſondere für diejenigen, welche

1134 251 1007 35 ſich für die hiſtoriſche Entwicklung dieſer erſt in unſern Tagen

1133 294 1003 34 zur höchſten Blüthe gelangten Wiſſenſchaft intereſſiren. Z. ſucht

1136 337 1000 33 durch häufige Hinweiſe in den Anmerkungen glaublich zu machen,

1136 379 1000 35 daß die hist. natur. des jüngern Plinius als Hauptquelle zu

1136 421 1002 36 betrachten ſei. Directer iſt offenbar aus der h. Schrift geſchöpft,

1136 465 1011 34 wie der Ausgangspunkt (Thurmbau zu Babel) und die Gliede⸗

1136 507 1005 36 rung des Stoffes nach den Abkömmlingen des Sem (Asia bis

1140 550 1008 33 V. 660), Japhet (Europa bis V. 1243) und Cham (»Affrikâ«)

1130 592 1008 38 beweist, und nächſtdem aus den gelehrten und ungelehrten Tra⸗

1140 636 999 36 ditionen der Zeit. Daher ſo viele dunkle Angaben und Namen.

2064 675 39 38 G.

1182 723 959 40 — Die Simrock’ſche Ueberſetzung des Heliand iſt vor

1140 771 1001 34 Kurzem in 2. Auflage erſchienen (Elberfeld, Friderichs 1866).

1134 813 1008 33 Dieſes wie die Bibel einfach erhabene und gleich Homer bei aller

1139 856 1008 33 treuherzigen Naivität ſo großartige und hochpoetiſche Gedicht eines

1136 900 1015 33 unbekannten Sachſen aus der Zeit Ludwig des Frommen, womit

1148 942 985 34 ſich weder Klopſtock’s Meſſiade noch ein anderes „chriſtliches Epos”

1142 985 1005 33 meſſen kann, iſt in meiſterhafter Ueberſetzung wiedergegeben, die

1146 1027 1002 35 jeden Leſer, welcher für das Einfache und Natürliche ächter Poeſie

1137 1071 1008 33 noch empfänglich iſt, je länger je mehr feſſeln wird. Der Stab⸗

1136 1114 1008 33 reim mit ſeinem natürlichen Reize iſt beibehalten und das Ganze

1137 1156 912 36 von dem Ueberſetzer überſichtlich und zweckmäßig abgetheilt.

2058 1198 51 34 G.

1140 1279 1002 33 Die folgenden Nummern werden außer den bereits angekündigten

1163 1317 468 33 Arbeiten enthalten Artikel über

1128 1368 1005 34 Deutinger, Gegenw. Zuſtand der deutſchen Philoſ., von Hayd.

1140 1404 698 34 Dieringer, Laienkatechismus, von Jocham.

1133 1440 760 33 Ennen, Geſchichte der Stadt Köln, von Keſſel.

1136 1474 801 36 Laemmer, Coelestis urbs Jerusalem, von Thiel.

1142 1510 961 38 Martigny, dictionnaire des antiquités, von Fr. X. Kraus.

1142 1546 858 36 Räß, Die Convertiten ſeit der Ref., von Kampſchulte.

1133 1581 819 34 Rietter, Breviarium der chriſtl. Ethik, von Simar.

1143 1617 819 36 Tischendorf, Apocalypses apocryphae, von Langen.

1139 1654 834 35 Ueberweg, Geſchichte der Philoſophie, von Michelis.

1146 1690 846 36 Ueber die Entzifferungen der Keilſchriften, von Kaulen.

1136 1753 1011 33 Correſpondenz der Redaction. Nro. 77: Nur ein wenig cor-

1169 1788 978 37 rigirt. — Nro. 93: Dankend erhalten. — Nro. 99: Ich will

1166 1825 979 36 ſehen. — Nro. 119: Dankend erhalten. — H. A. L. Ich ſchreibe.

1233 1863 903 31 — Abbé B. zu Beſangon: Die Nummern ſind nochmals abge⸗

1182 1900 957 32 ſchickt. — H. zu Arras: Ich habe das Februar⸗Heft der Revue

1172 1936 195 33 nicht erhalten.

1146 2005 996 34 Mit No. 7 iſt das erſte Quartal des Literaturblattes geſchloſ⸗

1170 2051 978 36 ſen; wir bitten um rechtzeitige Erneuerung des Abonnements.

864 2112 452 83 Anzeigen.

131 2211 654 43 Im Verlage des Unterzeichneten erſchienen:

330 2266 501 40 Melodiae sacrae

125 2320 907 45 quas, paribus vocibus cantandas, collegit et scripsit

270 2368 612 38 P. Adolphus de Doss, S. J.

132 2412 872 43 I. Theil 264 Seiten in Quart. . . . . Thlr. 1. 12½.

146 2449 867 39 II. Theil Seite 266—368 in Quart . . Thlr. — 17½.

234 2562 698 40 Geiſtliche Lieder

564 2617 15 34 für

428 2665 285 36 gleiche Stimmen

348 2710 461 40 geſammelt und geſchrieben von

378 2756 405 36 P. Adolph von Doß, S. J.

291 2801 567 38 186 Seiten in Quart. geh. 1 Thlr.

107 2856 381 37 Bonn im März 1866.

800 2892 228 37 A. Henry.

1319 2217 636 34 Bibliotheca cathol. theologica.

1185 2271 962 35 So eben verliess die Presse unser neuester Antiquar. Kata¬

1137 2313 176 34 log (Nr. 82)

1220 2359 840 40 Katholische Theologie

1140 2413 1002 33 enthaltend und steht den Tit. Liebhabern auf frankirtes Ver-

1137 2448 623 37 langen ohne Berechnung zu Diensten.

1221 2482 921 36 Ueber 4500 Nummern enthaltend zeichnet sich dieser Ka-

1149 2518 995 36 talog durch seltene Manuscripte, Incunabeln, wie höchst bedeu¬

1148 2554 1003 36 tende Werke, z. B. die 5. deutsche Bibel, die Bollandisten, das

1134 2590 1017 36 Bullar. magn. Roman. pontific. etc., eine grosse Zahl von Wer-

1140 2628 1013 37 ken der Kirchenväter in den besten Ausgaben etc., eine reichhaltige

1145 2664 843 37 Sammlung von Predigten und ascetische Literatur aus.

1286 2709 850 37 Ganze Bibliotheken, sowie einzelne Werke von Be-

1275 2746 729 35 deutung kaufen wir stets zu guten Preisen.

1202 2796 696 44 Nördlingen (Bayern) im Februar 1866.

1649 2853 409 31 C. H. Beck’sche

1592 2890 517 35 Buch- & Antiquariats-Handlung.

159 2955 1842 44 Verantw. Redacteur Prof. Reuſsch. — Verlag von A. Henry in Bonn. — Druck von Carl Georgi in Bonn.
