2201 3061
71 74 78 38 829

608 71 979 38 Nr. 25 — Theologiſches Literaturblatt — 1866.

2067 74 62 31 830

71 174 996 31 ler (✝ 1864), welcher 1832—35 Capellmeiſter am Dom zu

80 217 987 32 Münſter war; 11) der Criminaliſt und Novelliſt Temme, vor

83 255 1006 39 1848 Director am Ober⸗Landes⸗Gericht zu Münſter — Bei

83 303 1005 34 Erhard hätten nach Anleitung des Nekrologes in der Zeitſchr.

77 345 993 34 des Alt.⸗Ver. XIII, 319 ff. deſſen wichtige Beiträge für die

74 389 1010 34 Höfer’ſche Ztſchr. f. Archivkunde einzeln genannt werden müſſen.

84 431 993 34 Bei Neigebaur ſind deſſen pſeudonyme Schriften überſehen. Die

74 473 1002 37 ſchwer aufzufindende, weil nur mit „C. v. M.” bezeichnete Schrift

74 519 996 34 des Feldmarſchalls v. Müffling über die Römerſtraßen erſchien

74 561 997 34 1834 zu Berlin. Der Kirchenhiſtoriker Clemens Becker trat

68 603 1020 36 1741 in den Jeſuiten⸗Orden, war zunächſt in Paderborn, da⸗

80 646 994 35 rauf erſt in Münſter als Profeſſor thätig und ſtarb bereits am

71 688 1015 37 30. Nov. 1790. Der Jeſuit Jakob Zurmühlen war am 7. Sept.

81 732 987 36 1707 geb. und trat 1724 in den Orden. Der Jeſuit Forcken⸗

72 774 1011 34 beck war geb. 2. Juli 1734 und trat 1752 ein. Der Fran⸗

72 818 1007 34 ciscaner Gocken (nicht Göcken) ſtarb nicht 1796, ſondern am

69 861 1021 34 23. Oct. 1795. S. 101, Zeile 9 v. o. iſt „Froriep” ſtatt

77 906 291 33 „Froring” zu leſen.

152 956 844 37 Münſter Franz Hülskamp.

320 1082 481 35 Literariſche Notizen.

98 1155 994 42 — Von dem Verleger (Spitthöver) iſt uns mit dankenswerther

75 1206 999 34 Gefälligkeit behufs einer Anzeige das erſte Heft der Dissertazioni

78 1248 990 34 archeologiche di vario argomento di Raffaele Garrucci d. C

62 1293 1012 33 d. G. (Rom 1864, 170 S. 4, mit 12 Tafeln) überſandt worden.

74 1335 1003 34 Daſſelbe enthält eine Reihe von Unterſuchungen, welche von Intereſſe

62 1376 1022 35 für die claſſiſche Archäologie ſind, aber nichts, was die chriſt⸗

72 1422 999 33 liche Alterthumskunde anginge und zur nähern Beſprechung in

65 1464 1005 34 unſerm theol. L.⸗Bl. geeignet wäre. Hoffentlich werden die fol⸗

71 1506 1000 34 genden Lieferungen für unſere Studien um ſo reichere Ausbeute

68 1548 1000 34 liefern. Wie bekannt, iſt P. Garrucci einer der fleißigſten und

72 1590 998 37 gelehrteſten Archäologen der Gegenwart, der ſich durch zahlreiche

69 1633 999 38 ſelbſtändige Werke, ſowie durch eine Menge von Aufſätzen in den

72 1677 996 36 archäologiſchen Zeitſchriften Italiens, auch über die Grenzen

75 1722 996 34 ſeines Vaterlandes hinaus bekannt gemacht hat ¹). Wenn man

65 1764 1005 34 auch manchen willkürlichen oder gewagten Erklärungen nicht bei⸗

75 1806 996 36 ſtimmen kann, welche Garrucci z. B. von den Wandſchriften zu

72 1848 996 36 Pompeji oder den Graburnen zu Puzzuoli (Bullet. napolit. n.

69 1891 1005 36 S. I—III) gegeben hat, ſo dürften doch die in den letzten Jahren

62 1933 1006 38 von deutſchen Gehrten ausgegangenen Angriffe auf G. und die

74 1975 1009 39 Verdächtigung ſeiner fides etwas übertrieben ſein. Daß die

74 2019 1007 40 philologiſche Durchbildung und die Sicherheit archäologiſcher

68 2062 1017 39 Methode, wie ſie ſich in Deutſchland zeigt, bei den meiſten Ita⸗

68 2104 997 41 lienern vermißt wird, iſt freilich nicht abzuſtreiten. Daß G. ſich

71 2146 994 41 manchmal geirrt und anders geſehen hat, als Andere, ſei auch

59 2191 1018 41 nicht beſtritten; aber, wenn die Mißgriffe und Irrthümer richtig

74 2233 990 39 ſind, welche er eben in dieſen Dissertazioni ſeinen Anklägern

68 2275 1002 39 nachweist, ſo dürften dieſe in Zukunft ihn etwas glimpflicher

66 2319 1002 42 zu behandeln Urſache haben. Uebrigens wäre zu wünſchen, daß

104 2416 963 39 1) Von erſtern ſeien hier genannt: Les Mystères du syncré-

59 2452 1021 42 tisme phrygien dans les catacombes romaines de Prétextate.

69 2488 1012 41 Paris 1854. 4 — Inscriptiones veteres Reate quae extant.

63 2524 992 42 Paris 1854. 8. — Die neue Ausgabe und Bearbeitung der Ha-

66 2560 1005 41 gioglypha s. Picturae et sculpturae sacrae antiquiores praesertim

59 2598 1016 42 quae Romae reperiuntur explicatae a I. L’heureux (Macario),

56 2634 1012 40 Paris 1856. 8. — Graffiti de Pompéi, Inscriptions et gravures

62 2670 1015 39 tracées au stylet, recueillies et interprétées. 2. Ed. Paris

69 2707 1005 38 1856. 4. — I Segni delle lapidi latine, volgaramente detti ac-

60 2743 1010 39 centi. Rom. 1857. 4. — Vetri ornati di figure in oro, trovati

50 2781 1015 37 nei cimiteri cristiani di Roma etc. Con appendice di una

63 2817 1002 37 dissertazione intorno ai segni di cristianesimo sulle monete

63 2853 1014 37 di Costantino, Licinio e loro figli cesari. Ed. 2 Rom. 1864. 4. —

62 2890 1006 38 Cimiterio degli antichi Ebrei etc. Rom. 1862. 8. — Il Crocifisso

54 2928 1014 36 graffito etc. Rom. 1857. 8. (Die beiden letztern Abdrücke aus der

59 2962 268 38 Civiltà cattolica.)

1136 170 987 34 in den archäologiſchen Schriften Carrucci’s zuweilen der Theo⸗

1124 214 1026 34 loge weniger herausgehängt würde und G. ſich das de Roſſi’ſche

1131 258 1001 34 ‘archaeologum, non theologum me agere oportere probe

1139 300 988 36 sentio’ auch zum Wahlſpruch nähme. Die Sache könnte dabei

1136 344 958 34 nur gewinnen F. X. K.

1171 385 962 35 — Die ſchon längſt als demnächſt erſcheinend angekündigte

1137 429 996 33 Entgegnung Puſey’s auf Newmans Schrift über die h. Maria

1133 472 996 33 (Sp. 139. 551) läßt noch immer auf ſich warten. Mittlerweile

1124 514 1019 36 erſcheinen von katholiſcher Seite in der Form von Büchern und

1133 558 1000 36 Broſchüren und in Zeitſchriften noch fortwährend Entgegnungen

1130 601 1003 36 auf Puſey’s Eirenicon. Die umfangreichſte darunter iſt: Peace

1134 643 993 36 trough the truth, or Essays on subjects connected with

1127 688 1010 33 Dr. Pusey’s Eirenicon. By Rev. T. Harper, S. J., Prof.

1133 729 997 34 of Theology in the college of S. Beuno, N. Wales (Lon⸗

1124 771 997 36 don, Longmans 1866, 15 Sh.); ſie behandelt die Einheit de

1133 816 1011 34 Kirche, die Transſubſtantiation und die unbefleckte Empfängniß.

1134 861 999 33 Die Sp. 94. 523 beſprochene Entgegnung iſt (gleichfalls bei Long⸗

1127 904 996 33 mans) in zweiter vermehrter Auflage und mit Nennung des

1136 948 994 31 Autors erſchienen: Possibilities and difficulties of reunion.

1128 991 1005 32 A review of Dr. Pusey’s Eirenicon. By W. Lockhart, B.

1137 1033 1006 32 A. Oxon. — In der proteſtantiſch⸗theologiſchen Literatur hat in

1128 1077 1012 33 England in dieſem Jahre kein Buch ein ſolches Aufſehen erregt,

1125 1119 1008 34 als ein in einem religiöſen Tone, aber in rationaliſtiſchem Geiſte

1124 1164 1000 31 geſchriebenes Leben Jeſu: Ecce Homo. A survey of the

1136 1206 1007 31 life and work of Jesus Christ (London, Macmillan; 330 S. 8.)

1137 1248 996 31 Es ſind bereits über 12000 Exemplare abgeſetzt, und alle theo⸗

1131 1290 998 34 logiſchen und literariſchen Zeitſchriften haben es ausführlich be⸗

1127 1332 1003 34 ſprochen. Die Fruchtloſigkeit aller Verſuche, den Verfaſſer zu erra⸗

1128 1377 1002 34 then, hat mit dazu beigetragen, die Aufmerkſamkeit auf das Buch

1140 1419 1013 34 zu lenken. (Neueſtens wird Prof. Seeley zu London als Ver⸗

1121 1462 1027 35 faſſer bezeichnet.) — Als eine gelehrte und ſorgfältige hiſtoriſche

1127 1504 1003 35 Unterſuchung verdient erwähnt zu werden: The alleged con-

1136 1546 991 35 version of the irish bishops to the reformed religion at

1133 1591 1009 33 the ascension of Queen Elizabeth, and the assumed descent

1131 1635 1005 33 of the present established hierarchy in Ireland from the

1127 1677 1000 33 ancient irish church, disproved by W. Maziere Brady,

1131 1722 999 31 D. D. (London, Longmans 1866). Der Verf., ein anglicani⸗

1133 1762 1018 33 ſcher Geiſtlicher in Irland, zeigt die Falſchheit der in proteſtan⸗

1131 1806 1008 33 tiſchen Kreiſen herrſchenden Meinung, der iriſche Episkopat ſei

1137 1848 995 34 unter der Königin Eliſabeth zum Proteſtantismus übergetreten.

1133 1893 1000 33 und der jetzige ſtaatskirchliche Epiſkopat ſtamme von jenem ab.

1131 1935 1002 33 Von den 26 Biſchöfen, welche Irland 1558 hatte, ſind 21 ſicher

1136 1978 1015 33 nicht proteſtantiſch geworden; nur von dem Erzbiſchof Hugh Cur⸗

1130 2022 1002 31 win von Dublin iſt es ſicher, daß er proteſtantiſch wurde. Dieſer

1130 2065 1012 32 war aber ein geborener Engländer und in England (von Bonner)

1124 2106 1009 34 conſecrirt. „Die iriſche Succeſſion, ſchließt Brady, verbleibt ohne

1130 2151 999 31 Zweifel den römiſch⸗katholiſchen Biſchöfen der iriſchen Kirche,

1133 2191 1012 35 während die Biſchöfe der anglicaniſchen Kirche in Irland, deren

1125 2235 1005 33 Weihe nicht von der alten iriſchen Kirche, ſondern durch Curwin

1127 2278 1013 33 von der engliſchen Succeſſion herſtammt, dieſelbe apoſtoliſche

1137 2320 1005 33 Succeſſion haben, wie die engliſche Staatskirche.” Die, apoſto⸗

1127 2361 997 36 liche Succeſſion” in der engliſchen Staatskirche iſt aber bekanntlich

1124 2409 226 31 ſehr zweifelhaft

1127 2469 1005 36 Die folgenden Nummern werden u. a. enthalten Artikel über:

1131 2527 918 33 Erdmann, Geſchichte der Philoſophie, von Katzenberger.

1124 2562 829 36 Kamphauſen, das Gebet des Herrn, von Langen.

1127 2598 1009 34 Moll, Kerkgeschiedenis van Nederland,v. Alberdingk⸗Thijm.

1137 2634 790 36 Schliephake, Geſchichte von Naſſau, von Ennen.

1137 2671 972 35 Vercellone, autenticità della Bibbia volgata, von Reuſch.

1169 2723 785 32 Zur Beſprechung ſind ferner in Ausſicht genommen:

1127 2767 657 33 Huber, Studien. Philoſophiſche Schriften.

1121 2804 620 32 Keil, Comm. über die 12 kl. Propheten.

1128 2839 694 33 Krummacher, David der König von Iſrael.

1133 2875 549 35 Thommes, Geſchichte von England.

1161 2928 981 39 Correſpondenz der Redaction. — No. 40: Dankend erhalten —

1131 2967 1015 33 No. 51: Jetzt im Weſentlichen einig. Die Aenderung wird be⸗
