2232 3064
93 70 45 30 25

636 81 987 46 Nr. 1 — Theologiſches Literaturblatt — 1866.

2121 103 60 33 26

98 165 1009 55 wirklich das Todesurtheil über Jeſus gefällt hätten. Denn Jeſus

95 208 1011 54 ſei dann ja nur verurtheilt worden, weil er ſich für den „Sohn

95 244 1009 62 Gottes” ausgegeben und dadurch das jüdiſche Dogma von der

99 291 1010 58 „Einheit und Unkörperlichkeit Gottes” beſtritten habe. Nur in

96 331 1013 62 Folge einer göttlichen Offenbarung hätte das Synedrium berech⸗

80 373 1018 65 tigt ſein können, im vorliegenden Falle das Todesurtheil nicht zu

87 417 1016 61 ſprechen; eine ſolche aber dürfe nach chriſtlicher Anſchauung nicht

77 462 1029 61 einmal als möglich angenommen werden, weil nach ihr der Tod

87 507 690 52 Jeſu im Plane der Vorſehung gelegen habe.

144 552 960 57 Mit S. 31 beginnt die Darſtellung der Ereigniſſe, welche der

101 592 996 62 Verf. für hiſtoriſch hält. Ihr zufolge iſt die Berichterſtattung der

89 636 1005 58 Synoptiker über den Prozeß Jeſu widerſpruchsvoll und unglaub⸗

86 678 1011 61 würdig; eine Gerichtsverhandlung vor dem Synedrium hat gar

81 722 1016 61 nicht Statt gefunden; die Juden haben überhaupt Jeſum während

84 766 1008 59 ſeiner ganzen Wirkſamkeit unangefochten gelaſſen (!). Der Ein⸗

92 808 1018 60 zug Jeſu in Jeruſalem aber veranlaßte den grauſamen Pilatus,

93 852 1004 61 ihn vor ſeinen Richterſtuhl zu ziehen. Wie ſoll auch, meint Ph.,

87 894 1016 63 das Volk heute dem Propheten zujubeln, und über wenige Tage

86 939 1008 60 hartnäckig ihn ans Kreuz fordern? Wie ſoll der harte, unbeug⸗

81 981 1013 60 ſame Prokurator ſich durch Bitten und Drohen der jüdiſchen Volks⸗

80 1023 1011 61 menge gegen ſeine Ueberzeugung zwingen laſſen, einen Unſchuldi⸗

93 1068 1004 58 jen zu verurtheilen? Zur Vollendung der Argumentation wird

86 1108 1002 60 dann noch erklärt, das jüdiſche Synedrium habe ſich nie um reli⸗

82 1153 1009 57 giöſe Streitigkeiten bekümmert. — Eine Analyſe ſo oberflächlicher

89 1195 1008 57 Bemerkungen wird Niemand verlangen, zumal dieſelben ausnahms⸗

82 1237 1022 60 los ſchon früher und viel geſchickter gemacht worden ſind. Nur

83 1281 1015 60 bezüglich der zuletzt angeführten kann man den Gedanken nicht

80 1324 1023 62 unterdrücken, daß doch wenigſtens über jüdiſche Dinge ein Jude

80 1366 1014 63 beſſer unterrichtet ſein müſſe, als der Herr Doktor es iſt. Abge⸗

76 1407 1025 61 ſehen davon, daß es ſich in der vorliegenden Frage um eine Ge⸗

80 1449 1015 66 richtsſache und nicht um eine Entſcheidung über religiöſe Streitig⸗

77 1492 1023 66 keiten handelt, bitten wir den Hrn Verf., falls ihm dieſe Zeilen

83 1537 1006 63 je zu Geſicht kommen ſollten, gefälligſt nachzuſchlagen Selden,

89 1579 360 48 de synedr. p. 1041 ff.

174 1632 845 61 Bonn. Langen.

351 1770 470 46 Literariſche Notizen.

103 1841 995 62 — Von dem „Lehrbuch der katholiſchen Moral” von

80 1882 1008 66 Dr. Konrad Martin, Biſchof von Paderborn, iſt die fünfte

83 1926 1003 61 Auflage erſchienen (Mainz, Kirchheim 1865. XXIV u. 816 S.

77 1968 1009 66 3 Thlr.). Laut der Vorrede iſt das Werk „einer abermaligen

74 2010 1027 66 ſtrengen Reviſion unterworfen, und in Folge derſelben, der für

77 2053 1002 66 die praktiſche Seelſorge ſo wichtige Abſchnitt von den heiligen Sa⸗

74 2097 1017 67 cramenten vielfach theils gänzlich umgearbeitet theils verbeſſert

77 2139 1015 67 und durch namhafte Zuſätze bereichert worden.” Im Einzelnen

80 2182 1000 68 finden wir folgende Puncte ausführlicher als in den bisherigen

74 2224 1009 68 Auflagen erörtert: Die Pflicht des Empfanges der h. Communion;

71 2266 1015 66 die dazu erforderliche Vorbereitung, insbeſondere das zu beobachtende

65 2308 1031 66 ieiunium naturale (§ 241); die Pflicht des Beichtens; das Beicht⸗

74 2353 1011 66 ſiegel (§ 245); Empfänger und Spender des Sacraments der

68 2397 1031 64 h. Oelung (§ 247); Vorbereitung auf den Empfang der Prieſter⸗

77 2439 1002 67 weihe und des Eheſacraments (§ 248). Auch in den §§ 239

74 2482 1011 69 und 240 iſt einiges Nähere über die Spendung der Taufe und

77 2524 960 69 Firmung und über die dabei zuzuziehenden Pathen angegeben.

98 2584 978 69 — Von dem 1845 erſchienenen erſten Theile der Ueberſetzung

66 2625 1016 69 und Erklärung des Jeſaja (Cap. 1—12) von M. Drechſler

75 2665 1001 71 (✝ 1850) iſt eine zweite und unveränderte Auflage erſchienen

59 2709 896 63 (Berlin, G. Schlawitz 1865. 118 S. gr. 8. 2 Thlr.).

89 2775 993 58 — „Zur Förderung der religiös⸗freiſinnigen Beſtrebungen des

57 2811 1016 67 in Eiſenach begründeten deutſchen Proteſtantenvereins” erſcheinen

65 2854 1006 68 bei Friderichs in Elberfeld vom 1. Jan. 1866 an „Proteſtan⸗

59 2895 1014 70 tiſche Flugblätter, im Auftrage des Proteſtantenvereins re⸗

65 2938 1020 71 digirt und herausgegeben von Decan Dr. K. Zittel in Heidel⸗

1154 190 1009 41 berg”, jährlich 10 Nummern für 10 Sgr. — alſo im gewiſſen

1163 232 937 44 Sinne eine Nachahmung des Frankfurter Broſchürenvereins.

1190 293 972 43 — Die Vorrede zur zweiten Auflage der „Dichter des

1157 336 1014 43 Alten Bundes” von Prof. Ewald in Göttingen enthält

1160 379 1005 42 nur eine ganz kurze Stelle über die preußiſche Politik in Schles⸗

1161 420 1001 46 wig⸗Holſtein (wir laſſen ſie nicht abdrucken, damit nicht gleich

1158 465 1011 42 die erſte Nummer confiscirt werde); die lange Vorrede, der er⸗

1145 508 1018 41 ſten Auflage iſt nicht wieder abgedruckt, weil Ewald „ſchon lange

1160 553 1005 39 allen dieſen früheren vorreden längeren umfanges,” — welche

1141 596 1025 38 großentheils ſehr drollige Expectorationen über dies und jenes

1151 637 997 41 enthalten, — an einem geeigneten orte zuſammenzuſtellen wünſcht.”

1174 697 985 42 — Die vortreffliche Trauerrede auf den Geſellenvater

1148 741 1009 40 Adolph Kolping von Dr. Voſen iſt zum Beſten des Köl⸗

1155 783 1004 42 niſchen Geſellen⸗Hoſpitiums nach ſtenographiſcher Aufzeichnung

1146 828 1011 42 gedruckt worden (Köln, Bachem. 5 Sgr.). Wir möchten durch

1145 873 1020 40 dieſe Notiz auch unſererſeits zur Verbreitung des Schriftchens bei⸗

1145 913 91 35 tragen.

1196 1035 964 43 Die folgenden Nummern werden u. a. enthalten Artikel über

1154 1089 597 37 Arneth, Maria Thereſia, von Weiß.

1145 1123 702 42 Beelen, Comm. in Acta Ap., von Reinke.

1151 1159 765 44 Bleek, Briefe an die Koloſſer etc., von Bisping.

1146 1194 876 48 Friedberg, das Recht der Eheſchließung, von Schulte.

1154 1231 958 50 Gregorovius, Geſch. der Stadt Rom, von H. Hagemann.

1154 1269 642 40 Gury, Casus conscientiae, von Jocham.

1152 1305 865 44 Hoppe, die Epikleſis der griech. Liturgie, von Köſſing

1154 1344 913 45 Kellner, Hellenismus und Chriſtenthum, von C. Werner.

1140 1379 695 41 Kliefoth, das Buch Ezechiels, von Reuſch.

1151 1417 895 44 Köhler, die nachexiliſchen Propheten, von G. K. Mayer.

1160 1453 771 42 Maier, der 2. Brief an die Kor., von Bisping.

1148 1489 853 44 Margraf, Sklaverei und Chriſtenthum, von Stumpf.

1157 1527 1000 46 Maurenbrecher, Karl V. und die Proteſtanten, von Döllinger.

1154 1563 870 43 Michelis, Geſchichte der Philoſophie, von Neuhäuſer.

1154 1599 684 43 Pusey, Daniel the Prophet, von Schegg.

1154 1635 916 45 Reinerding, Theologia fundamentalis, von Dieringer.

1145 1671 698 40 Reithmayr, Galaterbrief, von Weinhart.

1139 1707 720 40 Roth, Gymnaſial⸗Pädagogik, von E Göbel.

1157 1743 914 45 Scheeben, die Myſterien des Chriſtenthums, von Mattes.

1157 1780 597 38 Schegg, die Evangelien, von Langen.

1148 1815 794 45 Scholz, die Ehen der Söhne Gottes, von Reuſch.

1157 1851 942 46 Vincenzi, de Gregorio Nyss. et Origene, von Schwane.

1142 1888 822 44 UIrici, Gott und der Menſch, von G. Hagemann.

1148 1926 631 39 Wiedemann, Johannes Eck, von Floß.

1151 1962 810 40 Winter, die Prämonſtratenſer, von H. Hagemann.

1148 1999 964 42 Zezſchwitz, zur Apologie des Chriſtenthums, von Hettinger.

1140 2034 551 37 Zobl, Dogmengeſchichte, von Simar.

1139 2071 534 39 Zöckler, Hieronymus, von Alzog.

1152 2106 990 42 Die Vorarbeiten für die Wiener Ausgabe der lateinischen Väter, von

1214 2143 171 33 Reinkens.

1140 2181 842 40 Zur Literatur über das heilige Land, von Haneberg.

1229 2247 826 40 Ferner ſind zur Beſprechung in Ausſicht genommen

1138 2292 753 42 Bluntſchli, altaſiatiſche Gottes⸗ und Weltideen.

1142 2329 456 36 Dieringer, Laienkatechismus.

1151 2365 537 39 Ennen, Geſchichte der Stadt Köln.

1151 2403 561 37 Friedhoff. Specielle Moraltheologie.

1137 2438 704 41 Gfrörer, Zur Geſchichte deutſcher Volksrechte.

1142 2473 528 39 Kieſel, die Weltgeſchichte, 2. Aufl.

1136 2511 559 36 Küper, das Prieſterthum des A. B.

1136 2547 688 37 Laemmer, Decreta Concilii Ruthenorum.

1142 2583 757 39 Newman, Geſchichte meiner religiöſen Meinungen.

1139 2620 499 36 Patiß, das ABC der Scholaſtik.

1133 2655 532 37 Pusey, The Church of England.

1133 2692 565 36 ν. Schäzler, Natur und Uebernatur.

1130 2728 685 36 Schuſter, Handbuch zur bibliſchen Geſchichte.

1133 2763 936 43 Voſen, der Katholicismus und die Einſprüche ſeiner Gegner.

1143 2799 987 44 Werner, Geſchichte der apologetiſchen und polemiſchen Literatur.

1137 2839 807 38 Zimmermann, die Heiligen Columban und Gallus.

1136 2905 999 47 Correſpondenz der Redaction. Nro. 48: Einverſtanden. Nro.

1173 2943 965 42 62 und 103: Ich habe Ihnen geſchrieben. Nro. 109: Es eilt

1157 2982 129 34 ja nicht.
