1259 2153
535 90 590 133 77
55 176 1091 241 endes Lied, in welchem jede Strophe mit den Worten
51 256 187 298 begann:
292 303 807 349 Wenn Gott mit uns in Noͤthen iſt,
286 355 837 405 So weicht des Teufels Trug und Liſt!
137 422 1082 484 Muſik war auch dabei. Dann beſtieg der Superin⸗
48 479 1087 543 tendent Surthlage von Barmen die Kanzel und hielt eine
50 533 1091 597 Rede über Hebr. XIII. 6. reich an rhetoriſchen Formeln
52 585 1091 651 und groben Ausfällen gegen die Katholiken. Der Zweck
56 638 1089 702 ward nicht verfehlt; denn ich ſah, wie das Feuer aus
57 696 1085 758 den Augen des proteſtantiſchen Pöbels ſprühete, während
57 751 1093 814 auf den Geſichtern der katholiſchen Bauern allgemeiner
52 809 1090 869 Ärger ſich ausſprach, ſo daß wirklich ein zweiter Bauern⸗
55 874 549 921 krieg hätte entſtehen können.
139 926 1093 983 Hiermit war die kirchliche Feierlichkeit beſchloſſen.
51 977 1087 1045 Ich eilte nun voraus zum Buſcherhof, wo des Heili⸗
57 1032 1097 1099 gen Denkmal ſtehen ſollte; denn dahin, ſagte man mir,
55 1086 1090 1150 ſollte der feierliche Zug (die Prozeſſion) ſich begeben, um
58 1140 1091 1207 des Monumentes Grundſtein zu legen. Rings umher
54 1201 1095 1263 war ſchon Alles mit Menſchen angefüllt, ſelbſt auf den
55 1256 1104 1316 Wipfeln der Bäume ſah man der Zachäen Viele. Nun
62 1311 1097 1372 nahete die Prozeſſion; an ihrer Spitze (ſtatt des Kreuzes)
62 1362 1101 1426 den Herrn Landrath und die Prediger, etwa 50 an der
53 1416 1095 1484 Zahl. Geſänge über den Glaubenshelden erſchollen ſchon
62 1471 1098 1535 aus der Ferne und beherrſchten die ganze Gegend, bis
65 1525 1099 1590 der Zug etwa fünf Minuten vom Orte des Denkmals ſich
59 1581 1101 1644 befand, wo ein lärmendes Gepfiffe der daſelbſt ſchon ver⸗
63 1640 797 1699 ſammelten Menge den Geſang übertönte.
143 1703 1097 1760 Nun beſtieg der Superintendent Keller von Wermels⸗
57 1758 1101 1816 kirchen den Raſenhügel und hielt eine kurze Rede. Nach⸗
59 1809 1095 1870 dem er in die ſüdliche Länge und in die nördliche Breite
61 1863 1091 1927 Vieles geſprochen über Aberglauben, Unglauben,
63 1916 1100 1981 Dummheit (wie feſtlich!) und Menſchenſatzungen
66 1973 1093 2037 damaliger Zeiten, als der heil. Glaubensheld Adolph
