1258 2153
418 115 766 161 Beilage
189 218 973 277 zum Katholiken.
318 314 835 367 Jahrgang 1830.
500 414 656 459 Nʳᵒ II.
525 628 643 669 Curiosa.
118 675 1100 724 Der ſaͤchſiſche Eremit hebt einen polemiſchen Artikel ge⸗
47 729 1101 778 gen einen bekannten Schriftſteller mit folgenden Worten an:
47 784 1099 831 „Obſcurus Knopfdiſtel, Federfechter von der Leine, einer
42 839 1098 887 der obscurorum virorum, die von der Abendzeitungslampe
44 890 1093 940 als Lichtſchnuppen abfallen, u. ſ. w.“ Iſt das ſaͤchſiſche Artigkeit?
129 944 1097 991 Der Hesperus, der wahrſcheinlich krank war, hatte
34 994 1101 1046 im vorigen Jahre geſagt, die Jeſuiten ſollte man nicht
37 1048 1101 1099 verlaͤumden, aber doch auch nicht loben. Wir freueten uns
38 1101 1092 1152 uͤber dieſe Aeußerung, die von Seite des Hesperus ſchon ein
39 1154 1095 1206 großes Opfer war, die Jeſuiten fuͤrder nicht mehr zu ver laͤum⸗
43 1208 1096 1260 den: allein der gute Vorſatz dauerte nicht lange und die Ver⸗
47 1269 1097 1313 laͤumdung blieb kaum eine kurze Zeit aus. Da erinnert man ſich
44 1324 429 1365 unwillkuͤrlich der Verſe:
139 1371 589 1410 Der Teufel war ſehr uͤbel auf.
142 1417 710 1457 Und ſtund ihm ſchier das Leben drauf;
153 1464 658 1503 Drum wollt' er in die Kirche gehen
141 1513 623 1551 Und von der alten Art abſtehen;
151 1559 597 1600 Nachdem er aber gnommen ein,
150 1607 651 1649 Und wieder kommen auf die Bein,
141 1655 621 1698 Hat er's als wie zuvor getrieben,
142 1703 590 1743 Und iſt der alte Teufel blieben.
121 1755 1086 1796 Die Zeitung fuͤr die elegante Welt ſagt Nro. 214. v. J.
41 1806 1083 1852 „Sismondi ſcheint in ſeiner Behauptung: daß in Rom taͤglich
46 1855 1089 1906 ein paar Menſchen gemordet werden, doch nicht viel uͤbertrieben
37 1907 1079 1961 zu haben. Man hat jetzt naͤmlich berechnet (!), daß im Kirchen⸗
41 1963 1088 2013 ſtaate unter Pius VI. v. 1715 bis 1800, achtzehntauſend
41 2018 1082 2065 gemeuchelmordet worden; thut taͤglich — zwei Menſchen; zwar
