1255 2154
557 69 616 111 1
548 245 625 285 I.
231 312 918 361 Robert Southwell's
167 350 1030 421 Troſtſchreiben
325 421 845 467 an die unter Eliſabeth eingekerkerten
262 473 882 524 Katholiken in England. ᴵ)
141 544 1092 600 Es iſt in der Kirche Gottes immer ein lobenswürdiger
47 594 1060 653 Gebrauch geweſen, daß, in den Zeiten der Verfolgung,
55 648 1093 708 die Betrübten und Bedrängten ſich einander, nicht allein
55 704 1089 764 durch immerwaͤhrendes Gebet und gute Werke, ſondern
85 778 1089 837 ᴵ) Nachſtehendes Schreiben von dem jungen Jeſuiten Southwell iſt ein
110 828 1083 884 Meiſterſtuͤck in ſeiner Art und ganz wuͤrdig eines heil. Ignatius
121 879 1080 929 oder Polycarpus. Lange Zeit iſt es in England unbekannt geblieben,
113 927 1079 974 bis es endlich vor kurzem W. Joſ. Walter in ſeiner Ausgabe der
107 973 1083 1018 poetiſchen und proſaiſchen Werke des Glaubenshelden, der fuͤr die
114 1017 1071 1067 Religion des Erlöſers ſein Blut vergoſſen, allgemein verbreitet
114 1063 1083 1115 hat. Dieſer Brief ſteht in dem proſaiſchen Theile, der den Titel
107 1109 1081 1161 fuͤhrt: The Prose Works of Robert Southwell containing Mary
113 1156 1079 1212 Magdalen's Funeral tears, Triumphs over death, and an Epistle
111 1206 1076 1260 of comfort. Edited by W. Jos. Walter. Das Schreiben ſelbſt
109 1255 1072 1308 fuͤhrt die Aufſchrift: An Epistle of comfort to the reverend Priests
107 1302 1078 1355 and to the honourable, worshipful, and others of the Lay sort
101 1349 1075 1403 restrained in durance for the catholie faith; zu Deutſch: „Ein
109 1399 1067 1451 Troſtſchreiben au die ehrwuͤrdigen Prieſter und an die Ehrenwerthen,
107 1448 1077 1498 Achtungswuͤrdigen und andern Perſonen des Laienſtandes, die wegen
107 1496 1071 1547 des katholiſchen Glaubens verhaftet sind.“  — Spaͤter werden wir
107 1542 1073 1594 noch Mehreres aus den Werken dieſes apoſtoliſchen Mannes mit⸗
107 1590 1073 1641 theilen; hier ſtehe indeſſen des gelehrten Dr. Milner's Urtheil uͤber
104 1635 409 1675 Southwell’s Schriften.
111 1722 1073 1778 Briefe Dr. Milners an den Herausgeber der poeti⸗
37 1771 847 1833 ſchen und proſaiſchen Werke R. Southwell's.
235 1846 503 1889 Mein Herr!
95 1882 1063 1943 Ich habe Ihnen anzuzeigen, daß ich die Abſchrift der proſaiſchen
26 1930 1056 1989 Werke von Southwell, die ſie vor ihrer Herausgabe mir zu ſchicken die
32 1977 1060 2037 Guͤte hatten, empfangen habe. Bisher konnte ich dieſelbe nur fluͤchtig
57 2039 449 2084 Katholik. Jhrg. X Hft. I.
864 2049 884 2087 1
