1258 2154
635 85 719 128 196
641 252 727 298 VIII.
328 321 1025 372 Das Feſt der Epiphanie
644 377 698 411 und
137 423 1195 480 die Akademie in der Propaganda.
224 497 1201 549 Das Feſt der Epiphanie, der Erſcheinung des Herrn
141 554 1200 605 iſt das Hauptfeſt der Kirche der Propaganda als Pri⸗
142 609 1206 660 vat⸗ oder Collegialkirche, und mit Recht haben es dazu
143 663 1195 714 die Stifter der Anſtalt eingeſetzt. Die Weiſen des Mor⸗
147 717 1201 769 genlandes führte ihr glücklicher Stern nach der armen
142 771 1203 825 Hütte in Bethlehem, auf daß ſie den Gottmenſchen, den
148 825 1197 878 neugebornen Heiland anbeteten in den Armen der Gott⸗
142 882 1193 936 geſegneten, die von der unbegreiflichen Liebe der Gottheit zu
139 936 1193 990 den Menſchen ſchon vor der Zeiten Anfang dazu beſtimmt
137 993 1197 1044 war, den Erlöſer des ganzen gefallenen Geſchlechtes
143 1050 1195 1100 Adam’s zu gebähren. Die heil. Schrift meldet uns nur
135 1105 1197 1155 noch die Rückkehr der glücklichen Könige; aber es iſt ge⸗
137 1160 1201 1208 wiß, daß ſie in ihrem Vaterlande die erſten Apoſtel der
143 1212 1193 1264 Ankunft des Herrn wurden. Wenn alſo die Propaganda
141 1263 1193 1316 als Miſſionsanſtalt, die nach dem ganzen Sinne der Sen⸗
142 1318 1188 1375 dung des Heilandes in alle Welt ihre Jünger ſchickt,
141 1376 1186 1428 allen Völkern und allen Kreaturen das Evan⸗
140 1435 1197 1484 gelium zu verkünden, ᴵ) das Feſt der Epiphanie
139 1489 1197 1538 als das Hauptfeſt ihrer Kirche feiert, ſo hat ſie immer
137 1543 1193 1593 den einen hohen Zweck vor Augen, der die ganze Ten⸗
141 1597 1193 1646 denz ihres kräftigen raſtloſen Wirkens umfaßt. Daher
142 1650 1193 1703 erinnert auch Alles daran, was die Kirche an äußerem
137 1702 1185 1759 Schmucke beſitzt, und das große ſchöne Bild des Haupt⸗
138 1758 1185 1814 altares kann ſchon darauf gleichfalls allein zurückführen.
133 1816 1193 1869 Es gewinnt auch die Feier dieſes Feſtes ſelbſt in der
135 1870 1187 1921 Propaganda etwas Großartiges und Auszeichnendes;
144 1925 1193 1977 und wie der Herr bei Malachias durch den Mund des
179 1994 788 2049 ᴵ) Matth. XXVIII. 19.; Marc. XVI. 15.
