1258 2153
626 79 712 119 130
141 178 1193 222 11. Drittes Geſicht: Die heil. Maͤrtyrer und Buͤßer. 12.
141 225 1193 269 Viertes Geſicht: Die heil. Anachoreten, Moͤnche und As⸗
133 273 1191 317 keten. 13. Fuͤnftes Geſicht: Die heil. Jungfrauen. 14. Sechs⸗
137 321 1152 366 tes Geſicht: Alle Heiligen, Gerechten und Erwaͤhlten —
141 369 1194 415 Hallelujah. 15. Siebentes Geſicht: Die Königin aller Heiligen.
341 465 990 512 II. Verehrung der Heiligen.
211 528 1206 574 16. Nachklang unſrer Andacht fuͤr den Glauben und die Hoffnung
187 577 1193 621 — Nachklang fuͤr die Liebe, ihre Betrachtung uͤber die Schoͤnheit und
137 625 1191 669 Liebenswuͤrdigkeit der Heiligen — was ſie am meiſten gegen ſie entzuͤndet.
137 674 1201 717 17. Ihre Sehnſucht zieht unſre Herzen zu ihren Fuͤßen — warum dieſe
142 721 1199 767 Ehrfurcht. 18. Rechtfertigung dieſer Ehrfurcht — von Johannes und
146 769 1191 813 Kornelius — die Kinder Jakob’s, die Prophetenkinder — Abigail —
143 816 1201 862 ein treffliches Lehrſtuͤck aus der Schrift fuͤr die Verehrung der Heiligen
137 865 1198 911 in ihrer Geſchichte. 19. Theoſophiſche Beleuchtung dieſer Verehrung,
141 915 1195 957 Maria, Magdalena, Petrus, Johannes, Joſeph und Nikodemus ehren
141 965 1159 1005 die Glieder Chriſti — die Blutfluͤßige auch den Saum ſeines Kleids —
141 1016 1196 1054 Ordnung der Glieder unter und zu dem Haupte — ſie ſind Werkzeuge
146 1063 1194 1101 desſelben; ihr Amt als ſolche. 20. Theologiſche Beleuchtung der Vereh⸗
141 1113 1201 1148 rung der Heiligen; Ableitung ihrer Gebuͤhrlichkeit aus den zwei hoͤchſten
142 1156 1199 1196 Geboten — warum dieſe Gebote ſich gleich ſind — Grund der guten
143 1201 1147 1242 Selbſtliebe — warum wir den Naͤchſten lieben ſollen wie uns ſelbſt —
144 1247 1198 1292 Verklaͤrungsſtufen der Ebenbildlichkeit mit Gott — ihnen entſprechen die
145 1296 1200 1342 Stufen ſeines Wohlgefallens — mit dieſen muß unſre Liebe ſich mehren,
141 1344 1197 1388 und ehrfuͤrchtiger werden — Schriftzeugniſſe fuͤr jene Stufen — Anwen⸗
143 1395 1202 1437 dung auf die Verehrung der Heiligen. 21. Warum dieſe Verehrung
137 1443 1195 1483 keine bloß buͤrgerliche, ſondern eine religioͤſe iſt — warum ſie auch aͤußer⸗
137 1491 1202 1530 lich ſeyn ſoll — wem es zuſtehe die Formen dieſer Aeußerlichkeit zu
138 1539 1136 1576 regeln und zu urtheilen — Aufzaͤhlung der gewoͤhnlichſten Formen —
142 1586 1197 1624 Benennung von Tempeln und Altaͤren, Gedaͤchtnißfeſte, Dankopfer (nicht
136 1632 1195 1671 an ſondern) fuͤr ſie, Bildniſſe, Kniebeugung, Kerzen, Hymnen, Pane⸗
142 1680 1195 1723 gyrien ꝛc. — warum ſich ſolche Formen gebuͤhren — alle Verehrung der
137 1728 1196 1770 Heiligen ſelbſt iſt eigentlich nur Form unſerer Huldigung gegen Gott.
135 1774 611 1813 22. Schluß des erſten Vortrags.
