1258 2153
539 89 635 133 365
522 247 654 292 XVIII.
385 314 780 360 Literatur.
66 383 1111 427 Geſchichte der chriſtlichen Kirche von Joſeph Othmar Rit⸗
138 439 1106 480 ter von Rauſcher, Weltprieſter und ordentlichem Pro⸗
133 492 1110 536 feſſor der Kirchengeſchichte und des Kirchenrechts zu Salz⸗
134 546 1109 590 burg. Erſter und zweiter Band. Sulzbach, in der J. E.
140 600 751 643 v. Seidel'ſchen Buchhandlung. 1829.
87 678 1105 724 Es iſt eine recht erfreuliche Erſcheinung unſerer Zeit,
64 731 1103 777 daß ſo manche gelehrte und tüchtige Männer ihre Gelehr⸗
64 787 1113 830 ſamkeit und ihren rühmlichen Fleiß der Bearbeitung der
62 844 1110 885 Geſchichte, und beſonders der chriſtlichen Kirchengeſchichte
54 899 1105 941 widmen; indem daraus die erfreuliche Überzeugung ge⸗
60 951 1105 994 wonnen wird, daß man die ſo lange mindeſtens zu wenig
63 1003 1107 1050 beachtete Wichtigkeit der chriſtlichen Kirchengeſchichte, die,
57 1057 1112 1106 wie ein alles mit ſich führender Strom durch die Zeiten
61 1110 1120 1159 herab, die reichlichſte Ausbeute für alle theologiſchen Wiſ⸗
65 1167 1119 1214 ſenſchaften darbietet, ſo wie die Nothwendigkeit ihrer Zu⸗
69 1226 1112 1272 gänglichmachung, nun beſſer erkannt hat. Sehr achtungs⸗
59 1279 1115 1323 und dankenswerthe Beiträge zur Belebung dieſes rühm⸗
61 1334 1116 1376 lichen Strebens und zur Erleichterung des Studiums der
61 1385 1111 1431 Kirchengeſchichte, lieferten uns durch ihre ſchätzbaren Werke
60 1438 1107 1485 die Gelehrten: Katerkamp, Kerz, Ritter, Hortig, Döllin⸗
60 1495 1109 1544 ger ꝛc., zu dieſen kömmt nun Profeſſor v. Rauſcher, wel⸗
69 1551 1107 1595 cher in ihrem Kreiſe neben den vorzüglichern ſeine Stelle
69 1604 1115 1651 einnimmt. Der gelehrte Verf. übergiebt ſein Werk dem
65 1660 1113 1706 Publikum mit dem Vorworte, daß, trotz der ſchätzbaren
61 1715 1111 1760 Beiträge im Laufe der letzten Jahre, die Kirchengeſchichte
65 1769 1113 1813 in der Literatur des katholiſchen Deutſchlandes immer noch
61 1822 1113 1868 ein ſparſam bebautes Feld ſey; daß ſomit ein öffentlicher
60 1879 1113 1921 Lehrer dieſes Faches, wenn er ſich gedrungen fühlt, zur
60 1931 1109 1977 Bearbeitung desſelben mitzuwirken, keiner Erklärung und
59 1988 1107 2032 Entſchuldigung bedürfe. Was wir von der Mitwirkung
