1270 2153
540 81 603 125 33
54 155 1083 232 halten. Laßt euern Blick in die Gräber dringen, ſchaut
54 207 1086 285 auf die Kaiſer, Könige, Staatsmänner und Vornehme
48 259 1078 340 der früheren Zeit und ſaget, wer war der Herr und wer
48 316 1073 397 der Sclave? Wer war der Reiche und wer der Arme?
42 374 1079 454 Unterſcheidet, wenn ihr könnt, den Gefangenen von dem
34 432 825 507 Könige, den Starken von dem Schwachen.
125 494 1082 563 Unſer Leben iſt gleich der Spur der Wolke in der
45 546 1085 616 Luft, gleich dem Nebel, den die Sonne zerſtreut, gleich
42 595 1076 668 dem vorüberfliehenden Schatten, gleich der Blume die
46 648 1075 725 ſchnell welkt, gleich dem dürren Blatte, das der Wind fort⸗
38 701 1071 783 weht, gleich dem Hauche der alsbald vergeht. Der heil.
41 757 1073 836 Chryſoſtomus nennt es einen ſchweren Schlaf mit trüge⸗
35 814 1079 891 riſchen, quälenden Träumen erfüllt, dann wieder ein
33 870 1076 943 Schauſpiel; aber in unſeren Tagen iſt es eher ein Trauerſpiel
37 923 1067 993 voll vorübergehender Gaukeleien und verhüllter Lei⸗
35 978 1065 1046 denſchaften. Der heil. Gregorius von Nazianz nennt es
34 1029 1068 1102 das Spiel eines Kindes, welches Häuſer von Sand an
36 1082 1071 1159 das Ufer baut, welche die wiederkehrende Welle wegſpühlt.
31 1138 1059 1215 Pindar ſagt, es iſt nur der Schatten eines Schattens.
36 1195 1067 1272 Es vergeht wie der Wind, es eilt wie ein Schiff auf der
27 1250 1061 1327 See, das keine Spur zurückläßt, wie ein Vogel in der
27 1304 1057 1379 Luft, von deſſen Fluge kein Merkmal bleibt. Was wir
30 1359 1061 1433 auch immer thun, ſagt der heil. Baſilius, wir mögen
34 1415 1061 1487 ſtehen ſitzen, ſchlafen oder wachen, unſer Schiff ſegelt
32 1467 1070 1546 immer unſerer letzten Heimath zu. Wir ſterben jeden Tag
32 1524 1059 1600 und verlieren ſtündlich einen Theil unſeres Lebens; ja
30 1579 1061 1654 ſelbſt während wir zunehmen, nehmen wir ab. Wir haben
30 1632 1053 1707 unſere Kindheit und unſere Jugend verloren und in je⸗
30 1686 1059 1761 dem Augenblick ſtiehlt der Tod im Geheimen Etwas von
32 1741 1050 1816 uns weg. Dieß drückt der heil. Gregorius richtig aus,
26 1793 1059 1866 indem er ſagt: Unſer Leben iſt ein Durchgehen durch's
28 1849 1060 1920 Leben, es nimmt mit ſeinem Wachsthume ab, und ver⸗
20 1903 1056 1976 liert, wo es zu gewinnen ſcheint. Keine Waffe wider⸗
26 1961 1046 2032 ſteht, keine Drohung gewinnt, keine Bitte erlangt etwas
54 2021 455 2083 Katholik. Jhrg. X. Hft. I.
854 2044 888 2083 3
