1258 2153
421 105 772 141 Beilage
215 210 981 253 zum Katholiken.
333 319 847 357 Jahrgang 1830.
516 415 669 450 Nʳᵒ I.
542 624 652 656 Curiosa.
152 675 1109 710 Hr. Johann Chriſt. Auguſt Heyſe, Rector zu Nordhauſen
69 717 1109 750 und ordentliches Mitglied der berliniſchen Geſellſchaft fuͤr deutſche
79 758 1104 791 Sprache, liefert in ſeinem Verdeutſchungs⸗Woͤrterbuche, im Art.
77 799 1103 831 Portion, folgendes Curioſum: „Portiuncula, ein kleiner
80 839 1110 871 „Theil, Theilchen; auch eine erdichtete Heilige bei den
79 879 1111 913 „Katholiken.“ Das heißt man doch wohl den Himmel fuͤr
77 917 1114 951 eine Baßgeige anſehen! Portiuncula war eine Kirche bei Aſſiſi,
74 955 929 992 nie aber eine Heilige, nicht einmal eine erdichtete. —
148 1005 1111 1042 Auf irgend einem Gottesacker am Rhein iſt auf dem Grab⸗
76 1046 1112 1088 ſteine, den ein Mann ſeiner Frau geſetzt, folgendes Epitaphium
74 1095 206 1131 zu leſen:
319 1121 746 1155 Wohl auch ſtille Haͤuslichkeit
321 1156 702 1192 Iſt eines Denkmals werth. —
324 1192 820 1226 Ihr ſey es hier von mir geweiht,
323 1228 716 1261 Und wer die Tugend ehrt.
323 1263 792 1297 Auch in dem einsachen Gewand
321 1299 938 1331 Mir, meinem Schmerz, iſt er verwandt.
157 1350 1119 1382 In dem volkthümlichen Woͤrterbuche von Heinſius,
84 1386 1113 1426 unter dem Worte: trocken, wird die trockene Meſſe alſo definirt:
77 1426 1111 1467 „Eine trockene Meſſe, in der roͤmiſchen Kirche, welche nur
79 1466 1119 1507 „der Priester haͤlt und bei welcher das Abendmahl nicht gereicht
89 1508 1119 1542 „wird“!! Die heilige Meſſe uͤberhaupt wird von Heinſius Bd.
88 1548 1121 1586 III. S. 357 ſo beſchrieben: „Meſſe, in der roͤmiſchen Kirche
84 1588 1113 1628 ehemals derjenige Theil des Gottesdienſtes nach geendigter Pre⸗
90 1629 1119 1668 digt und Entlaſſung der Glaubenslehrlinge, welcher beſonders im
92 1669 1121 1707 Genuſſe des Abendmahles beſtand, jetzt derjenige Theil des Got⸗
89 1709 1120 1747 tesdienſtes, da der Prieſter zum Gedaͤchtniß des Todes Chriſti
85 1749 1117 1786 das Abendmahl ſelbſt genießt!!“ — Der Meßdiener iſt Hrn.
93 1788 1121 1825 Heinſius „derjenige, der bei Haltung einer Meſſe in der Kirche
97 1827 1123 1866 gewiſſe Vorrichtungen thut,“ (vielleicht den Klingelbeutel um⸗
95 1865 1127 1906 traͤgt?) der Beichtvater „derjenige Geiſtliche, bei welchem
96 1906 1119 1948 man gewoͤhnlich beichtet,“ das Beichtkind hingegen „eine Perſon,
89 1945 1121 1987 die von Zeit zu Zeit ihre Fehler und Suͤnden dem Prediger
97 1988 1122 2027 beichtet;“ beichte ſitzen aber heißt bei ihm weiter nichts als
