<?xml version="1.0" encoding="UTF-8" standalone="yes"?>
<PcGts xmlns="http://schema.primaresearch.org/PAGE/gts/pagecontent/2013-07-15" xmlns:xsi="http://www.w3.org/2001/XMLSchema-instance" xsi:schemaLocation="http://schema.primaresearch.org/PAGE/gts/pagecontent/2013-07-15 http://schema.primaresearch.org/PAGE/gts/pagecontent/2013-07-15/pagecontent.xsd">
    <Metadata>
        <Creator>prov=University of Rostock/Institute of Mathematics/CITlab|PLANET AI GmbH/Gundram Leifert/gundram.leifert@planet-ai.de:name=Noscemus GM 3.0(htr_id=26395)::::v=2.6.7
prov=University of Rostock/Institute of Mathematics/CITlab|PLANET AI GmbH/Tobias Gruening/tobias.gruening@planet-ai.de:name=de.uros.citlab.module.baseline2polygon.B2PSeamMultiOriented:v=2.6.7
prov=University of Rostock/Institute of Mathematics/CITlab|PLANET AI GmbH/Tobias Gruening/tobias.gruening@planet-ai.de:name=/net_tf/LA73_249_0mod360.pb:de.uros.citlab.segmentation.CITlab_LA_ML:v=2.6.6
Transkribus</Creator>
        <Created>2020-11-23T11:55:43.843+01:00</Created>
        <LastChange>2021-05-17T13:51:58.227+02:00</LastChange>
        <TranskribusMetadata docId="543224" pageId="22808935" pageNr="2" tsid="57972365" status="GT" userId="78683" imgUrl="https://files.transkribus.eu/Get?id=LAEOPIRXOUMXCTIDOZJWATXX&amp;fileType=view" xmlUrl="https://files.transkribus.eu/Get?id=JAONASRJVXGLKDJQRTRGAGSM" imageId="17784613"/>
    </Metadata>
    <Page imageFilename="kath_1830_035_00005.tif" imageWidth="1255" imageHeight="2154">
        <ReadingOrder>
            <OrderedGroup id="ro_1626327812855" caption="Regions reading order">
                <RegionRefIndexed index="0" regionRef="r1"/>
            </OrderedGroup>
        </ReadingOrder>
        <TextRegion orientation="0.0" id="r1" custom="readingOrder {index:0;}">
            <Coords points="32,144 32,2054 1099,2054 1099,144"/>
            <TextLine id="r1l1" custom="readingOrder {index:0;}">
                <Coords points="174,174 212,174 250,174 288,174 326,174 364,174 402,175 440,175 478,175 516,176 554,176 592,176 630,177 668,177 706,177 744,177 782,177 820,177 858,177 896,177 934,176 934,146 896,147 858,147 820,147 782,147 744,147 706,147 668,147 630,147 592,146 554,146 516,146 478,145 440,145 402,145 364,144 326,144 288,144 250,144 212,144 174,144"/>
                <Baseline points="174,164 212,164 250,164 288,164 326,164 364,164 402,165 440,165 478,165 516,166 554,166 592,166 630,167 668,167 706,167 744,167 782,167 820,167 858,167 896,167 934,166"/>
                <TextEquiv>
                    <Unicode>Inhalt des fünf und dreißigſten Bandes.</Unicode>
                </TextEquiv>
            </TextLine>
            <TextLine id="r1l2" custom="readingOrder {index:1;}">
                <Coords points="1019,240 1045,241 1072,243 1099,242 1099,212 1072,213 1045,211 1019,210"/>
                <Baseline points="1019,230 1045,231 1072,233 1099,232"/>
                <TextEquiv>
                    <Unicode>Seite.</Unicode>
                </TextEquiv>
            </TextLine>
            <TextLine id="line_1614607595968_695" custom="readingOrder {index:2;}">
                <Coords points="66,246 86,244 110,243 1024,250 1024,280 978,281 886,282 658,282 521,281 429,280 66,276"/>
                <Baseline points="66,266 86,264 110,263 155,264 201,265 247,266 292,267 338,268 384,269 429,270 475,270 521,271 567,271 612,271 658,272 704,272 749,272 795,272 841,272 886,272 932,271 978,271 1024,270"/>
                <TextEquiv>
                    <Unicode>I. Robert Southwell’s Troſtſchreiben an die unter Eliſabeth einge⸗</Unicode>
                </TextEquiv>
            </TextLine>
            <TextLine id="r1l5" custom="readingOrder {index:3;}">
                <Coords points="109,308 134,309 159,310 185,310 210,311 236,312 261,313 287,313 312,314 338,314 363,314 388,314 414,315 439,315 465,315 490,314 516,314 541,314 567,314 567,284 541,284 516,284 490,284 465,285 439,285 414,285 388,284 363,284 338,284 312,284 287,283 261,283 236,282 210,281 185,280 159,280 134,279 109,278"/>
                <Baseline points="109,298 134,299 159,300 185,300 210,301 236,302 261,303 287,303 312,304 338,304 363,304 388,304 414,305 439,305 465,305 490,304 516,304 541,304 1097,309"/>
                <TextEquiv>
                    <Unicode>kerkerten Katholiken in England. . . . . . . . . . . 1</Unicode>
                </TextEquiv>
            </TextLine>
            <TextLine id="line_1614607570756_678" custom="readingOrder {index:4;}">
                <Coords points="49,314 83,314 1060,319 1092,321 1092,351 729,352 661,352 491,351 321,349 185,347 49,344"/>
                <Baseline points="49,334 83,334 117,335 151,336 185,337 219,337 253,338 287,338 321,339 355,339 389,339 423,340 457,340 491,341 525,341 559,341 593,341 627,341 661,342 695,342 729,342 1060,339 1092,341"/>
                <TextEquiv>
                    <Unicode>II. Beleuchtung rationaliſtiſcher Behauptungen. . . . . . . 56</Unicode>
                </TextEquiv>
            </TextLine>
            <TextLine id="line_1614607598423_699" custom="readingOrder {index:5;}">
                <Coords points="33,349 85,349 1028,357 1028,387 981,388 748,388 95,382 59,381 33,379"/>
                <Baseline points="33,369 59,371 85,369 95,372 141,372 188,372 234,373 281,373 328,373 374,374 421,374 468,375 514,375 561,376 608,376 654,377 701,377 748,378 794,378 841,378 888,378 934,378 981,378 1028,377"/>
                <TextEquiv>
                    <Unicode>III. Der heil. Maͤrtyrer Clarenbach und ſeine Gedaͤchtnißſeier zu</Unicode>
                </TextEquiv>
            </TextLine>
            <TextLine id="line_1614607566743_673" custom="readingOrder {index:6;}">
                <Coords points="101,386 126,386 1094,389 1094,419 1068,421 201,419 101,416"/>
                <Baseline points="101,406 126,406 151,407 176,408 201,409 226,409 251,409 277,409 302,409 327,409 352,409 377,409 402,409 428,409 453,409 478,409 503,409 528,409 553,409 579,409 1068,411 1094,409"/>
                <TextEquiv>
                    <Unicode>Lüttringhauſen im Kreiſe Lennep. . . . . . . . . . . . 76</Unicode>
                </TextEquiv>
            </TextLine>
            <TextLine id="line_1614607600243_703" custom="readingOrder {index:7;}">
                <Coords points="32,419 60,419 1062,427 1092,428 1092,458 841,460 287,455 213,454 88,451 32,449"/>
                <Baseline points="32,439 60,439 88,441 103,441 139,442 176,443 213,444 250,444 287,445 324,445 361,445 398,445 435,446 472,446 508,446 545,446 582,446 619,447 656,447 693,447 730,448 767,449 804,449 841,450 1062,447 1092,448"/>
                <TextEquiv>
                    <Unicode>IV. Briefe über die verfolgten katholiſchen Armenier. . . . . . 80</Unicode>
                </TextEquiv>
            </TextLine>
            <TextLine id="line_1614607602308_707" custom="readingOrder {index:8;}">
                <Coords points="50,455 289,459 289,489 262,490 181,490 84,489 50,485"/>
                <Baseline points="50,475 84,479 101,477 127,478 154,479 181,480 208,480 235,480 262,480 289,479"/>
                <TextEquiv>
                    <Unicode>V. Literatur.</Unicode>
                </TextEquiv>
            </TextLine>
            <TextLine id="line_1614607558021_665" custom="readingOrder {index:9;}">
                <Coords points="131,507 209,506 326,506 1094,512 1094,542 912,543 872,543 131,537"/>
                <Baseline points="131,527 170,527 209,526 248,526 287,526 326,526 365,527 404,527 443,527 482,528 521,528 560,529 599,529 638,530 677,530 716,531 755,531 794,532 833,532 872,533 912,533 1054,532 1094,532"/>
                <TextEquiv>
                    <Unicode>1. Philoſophie der Geſchichte, oder uͤber die Tradition. . . 35</Unicode>
                </TextEquiv>
            </TextLine>
            <TextLine id="r1l19" custom="readingOrder {index:10;}">
                <Coords points="121,573 165,572 210,571 255,571 300,571 344,571 389,572 434,572 479,573 523,573 568,574 613,575 658,575 702,576 747,577 792,577 837,578 881,578 926,578 971,578 1016,577 1016,547 971,548 926,548 881,548 837,548 792,547 747,547 702,546 658,545 613,545 568,544 523,543 479,543 434,542 389,542 344,541 300,541 255,541 210,541 165,542 121,543"/>
                <Baseline points="121,563 165,562 210,561 255,561 300,561 344,561 389,562 434,562 479,563 523,563 568,564 613,565 658,565 702,566 747,567 792,567 837,568 881,568 926,568 971,568 1016,567"/>
                <TextEquiv>
                    <Unicode>2. Collectio selecta SS. Ecclesiae Patrum etc.; curantibus</Unicode>
                </TextEquiv>
            </TextLine>
            <TextLine id="line_1614607553488_661" custom="readingOrder {index:11;}">
                <Coords points="175,575 450,575 1050,581 1087,586 1087,616 225,607 175,605"/>
                <Baseline points="175,595 200,596 225,597 250,597 275,597 300,597 325,596 350,596 375,596 400,595 425,595 450,595 475,596 500,597 525,599 1050,601 1087,606"/>
                <TextEquiv>
                    <Unicode>D. A. B. Caillau. etc. . . . . . . . . . . . 109</Unicode>
                </TextEquiv>
            </TextLine>
            <TextLine id="line_1614607606988_711" custom="readingOrder {index:12;}">
                <Coords points="128,609 143,609 1017,616 1017,646 932,647 764,647 638,646 553,645 175,640 128,639"/>
                <Baseline points="128,629 143,629 175,630 217,630 259,631 301,631 343,632 385,632 427,633 469,633 511,634 553,635 596,635 638,636 680,636 722,636 764,637 806,637 848,637 890,637 932,637 974,636 1017,636"/>
                <TextEquiv>
                    <Unicode>3. Der Coͤlibat im Widerſpruch mit Vernunft, Natur und</Unicode>
                </TextEquiv>
            </TextLine>
            <TextLine id="line_1614607581732_683" custom="readingOrder {index:13;}">
                <Coords points="174,644 300,644 1031,650 1058,651 1085,654 1085,684 174,674"/>
                <Baseline points="174,664 199,664 224,664 249,664 274,664 300,664 1031,670 1058,671 1085,674"/>
                <TextEquiv>
                    <Unicode>Religion. . . . . . . . . . . . . . . . . . 113</Unicode>
                </TextEquiv>
            </TextLine>
            <TextLine id="line_1614607608967_715" custom="readingOrder {index:14;}">
                <Coords points="125,678 173,678 1023,686 1023,716 853,716 725,715 145,709 125,708"/>
                <Baseline points="125,698 145,699 173,698 215,699 258,699 300,700 343,700 385,701 428,701 470,702 513,702 555,703 598,703 640,704 683,704 725,705 768,705 810,705 853,706 895,706 938,706 980,706 1023,706"/>
                <TextEquiv>
                    <Unicode>4. Geſchichte der Religion Jeſu Chriſti. Von Friedrich Leo⸗</Unicode>
                </TextEquiv>
            </TextLine>
            <TextLine id="line_1614607589504_691" custom="readingOrder {index:15;}">
                <Coords points="165,715 294,713 1090,723 1090,753 1015,755 582,750 247,746 165,745"/>
                <Baseline points="165,735 192,735 220,735 247,736 275,735 294,733 330,735 366,736 402,737 438,738 474,738 510,739 546,739 582,740 618,740 654,740 690,740 726,740 762,741 798,741 834,741 870,742 906,742 942,743 978,743 1015,745 1048,743 1090,743"/>
                <TextEquiv>
                    <Unicode>pold, Grafen zu Stolberg, fortgeſetzt von F. v. Kerz. 115</Unicode>
                </TextEquiv>
            </TextLine>
            <TextLine id="line_1614607611069_719" custom="readingOrder {index:16;}">
                <Coords points="117,750 247,750 1022,757 1022,787 849,787 138,782 117,780"/>
                <Baseline points="117,770 138,772 161,770 204,770 247,770 290,771 333,771 376,772 419,772 462,772 505,773 548,774 591,774 634,775 677,775 720,776 763,776 806,776 849,777 892,777 935,777 978,777 1022,777"/>
                <TextEquiv>
                    <Unicode>5. I. Neujahrswunſch eines Seelſorgers an ſeine Gemeinde, in</Unicode>
                </TextEquiv>
            </TextLine>
            <TextLine id="r1l34" custom="readingOrder {index:17;}">
                <Coords points="173,814 215,815 257,816 300,817 342,817 385,818 427,818 469,819 512,819 554,819 597,819 639,820 681,820 724,820 766,820 809,821 851,821 893,822 936,822 978,823 1021,823 1021,793 978,793 936,792 893,792 851,791 809,791 766,790 724,790 681,790 639,790 597,789 554,789 512,789 469,789 427,788 385,788 342,787 300,787 257,786 215,785 173,784"/>
                <Baseline points="173,804 215,805 257,806 300,807 342,807 385,808 427,808 469,809 512,809 554,809 597,809 639,810 681,810 724,810 766,810 809,811 851,811 893,812 936,812 978,813 1021,813"/>
                <TextEquiv>
                    <Unicode>einer Predigt am 1. Jaͤnner 1829. II. Fuͤr Juͤnglinge und</Unicode>
                </TextEquiv>
            </TextLine>
            <TextLine id="r1l35" custom="readingOrder {index:18;}">
                <Coords points="169,848 211,849 254,850 296,851 339,852 382,853 424,853 467,854 510,854 552,855 595,855 638,855 680,856 723,856 766,856 808,857 851,857 894,858 936,858 979,859 1022,859 1022,829 979,829 936,828 894,828 851,827 808,827 766,826 723,826 680,826 638,825 595,825 552,825 510,824 467,824 424,823 382,823 339,822 296,821 254,820 211,819 169,818"/>
                <Baseline points="169,838 211,839 254,840 296,841 339,842 382,843 424,843 467,844 510,844 552,845 595,845 638,845 680,846 723,846 766,846 808,847 851,847 894,848 936,848 979,849 1022,849"/>
                <TextEquiv>
                    <Unicode>Jungfrauen auf dem Lande. Eine freudige Mitgabe auf</Unicode>
                </TextEquiv>
            </TextLine>
            <TextLine id="r1l36" custom="readingOrder {index:19;}">
                <Coords points="177,885 219,886 261,886 303,887 345,888 387,888 429,889 471,889 513,890 555,891 597,891 639,892 681,892 723,893 765,893 807,893 849,893 891,894 933,894 975,894 1018,894 1018,864 975,864 933,864 891,864 849,863 807,863 765,863 723,863 681,862 639,862 597,861 555,861 513,860 471,859 429,859 387,858 345,858 303,857 261,856 219,856 177,855"/>
                <Baseline points="177,875 219,876 261,876 303,877 345,878 387,878 429,879 471,879 513,880 555,881 597,881 639,882 681,882 723,883 765,883 807,883 849,883 891,884 933,884 975,884 1018,884"/>
                <TextEquiv>
                    <Unicode>den Weg ihres Lebens, von Fr. S. Haͤglſpercher. III.</Unicode>
                </TextEquiv>
            </TextLine>
            <TextLine id="r1l37" custom="readingOrder {index:20;}">
                <Coords points="173,920 215,921 258,922 300,922 343,923 385,923 428,924 470,924 513,925 555,925 598,925 640,926 683,926 725,926 768,927 810,927 853,927 895,928 938,928 980,929 1023,930 1023,900 980,899 938,898 895,898 853,897 810,897 768,897 725,896 683,896 640,896 598,895 555,895 513,895 470,894 428,894 385,893 343,893 300,892 258,892 215,891 173,890"/>
                <Baseline points="173,910 215,911 258,912 300,912 343,913 385,913 428,914 470,914 513,915 555,915 598,915 640,916 683,916 725,916 768,917 810,917 853,917 895,918 938,918 980,919 1023,920"/>
                <TextEquiv>
                    <Unicode>Gemeinſchaftliche Gebete mit Segnungen zum Gebrauche</Unicode>
                </TextEquiv>
            </TextLine>
            <TextLine id="r1l38" custom="readingOrder {index:21;}">
                <Coords points="169,956 211,957 254,957 297,958 340,958 382,959 425,959 468,960 511,960 553,960 596,961 639,961 682,962 724,962 767,962 810,963 853,963 895,963 938,963 981,964 1024,964 1024,934 981,934 938,933 895,933 853,933 810,933 767,932 724,932 682,932 639,931 596,931 553,930 511,930 468,930 425,929 382,929 340,928 297,928 254,927 211,927 169,926"/>
                <Baseline points="169,946 211,947 254,947 297,948 340,948 382,949 425,949 468,950 511,950 553,950 596,951 639,951 682,952 724,952 767,952 810,953 853,953 895,953 938,953 981,954 1024,954"/>
                <TextEquiv>
                    <Unicode>der gewoͤhnlichen Prozeſſionen ꝛc. Von G. Rieder.</Unicode>
                </TextEquiv>
            </TextLine>
            <TextLine id="r1l39" custom="readingOrder {index:22;}">
                <Coords points="175,990 219,991 263,992 307,992 351,993 395,993 439,993 484,993 528,994 572,994 616,994 660,994 704,994 749,994 793,994 837,994 881,995 925,995 969,996 1014,997 1014,967 969,966 925,965 881,965 837,964 793,964 749,964 704,964 660,964 616,964 572,964 528,964 484,963 439,963 395,963 351,963 307,962 263,962 219,961 175,960"/>
                <Baseline points="175,980 219,981 263,982 307,982 351,983 395,983 439,983 484,983 528,984 572,984 616,984 660,984 704,984 749,984 793,984 837,984 881,985 925,985 969,986 1014,987"/>
                <TextEquiv>
                    <Unicode>IV. Lebensgeſchichte des heil. Jodekus. V. Wiborath von</Unicode>
                </TextEquiv>
            </TextLine>
            <TextLine id="r1l40" custom="readingOrder {index:23;}">
                <Coords points="171,1025 213,1026 256,1026 298,1027 341,1027 383,1027 426,1026 468,1026 511,1026 553,1025 596,1025 638,1025 681,1024 723,1024 766,1024 808,1025 851,1025 893,1026 936,1027 978,1029 1021,1031 1021,1001 978,999 936,997 893,996 851,995 808,995 766,994 723,994 681,994 638,995 596,995 553,995 511,996 468,996 426,996 383,997 341,997 298,997 256,996 213,996 171,995"/>
                <Baseline points="171,1015 213,1016 256,1016 298,1017 341,1017 383,1017 426,1016 468,1016 511,1016 553,1015 596,1015 638,1015 681,1014 723,1014 766,1014 808,1015 851,1015 893,1016 936,1017 978,1019 1021,1021"/>
                <TextEquiv>
                    <Unicode>Klingnau. Eine Geſchichte der Vorzeit. VI. Rede zur Feier</Unicode>
                </TextEquiv>
            </TextLine>
            <TextLine id="line_1614607614737_723" custom="readingOrder {index:24;}">
                <Coords points="172,1030 589,1026 947,1031 998,1032 1024,1033 1024,1063 172,1060"/>
                <Baseline points="172,1050 198,1050 225,1050 251,1050 278,1050 304,1050 331,1049 358,1049 384,1049 411,1049 437,1049 464,1049 490,1049 517,1049 544,1050 589,1046 614,1047 640,1048 665,1048 691,1049 716,1049 742,1050 768,1050 793,1050 819,1050 844,1050 870,1050 896,1051 921,1051 947,1051 972,1052 998,1052 1024,1053"/>
                <TextEquiv>
                    <Unicode>der erſten heil. Communion. Gehalten von Dr. W. Smets.</Unicode>
                </TextEquiv>
            </TextLine>
            <TextLine id="line_1614607616764_727" custom="readingOrder {index:25;}">
                <Coords points="171,1060 619,1062 994,1065 1019,1066 1019,1096 744,1096 303,1094 250,1093 197,1091 171,1090"/>
                <Baseline points="171,1080 197,1081 224,1082 250,1083 277,1083 303,1084 330,1084 356,1084 383,1084 409,1083 436,1083 462,1083 489,1083 515,1083 542,1083 568,1083 595,1084 619,1082 644,1083 669,1084 694,1085 719,1085 744,1086 769,1086 794,1086 819,1086 844,1086 869,1086 894,1085 919,1085 944,1085 969,1085 994,1085 1019,1086"/>
                <TextEquiv>
                    <Unicode>VII. Die Feier der erſten heil. Communion am Koͤnigl. Je⸗</Unicode>
                </TextEquiv>
            </TextLine>
            <TextLine id="line_1614607622643_735" custom="readingOrder {index:26;}">
                <Coords points="181,1095 206,1095 615,1098 1042,1103 1088,1104 1088,1134 306,1127 231,1126 181,1125"/>
                <Baseline points="181,1115 206,1115 231,1116 256,1116 281,1116 306,1117 331,1117 356,1117 382,1117 407,1117 432,1117 457,1118 482,1118 507,1118 532,1118 557,1118 583,1118 615,1118 645,1120 675,1119 705,1120 1042,1123 1088,1124"/>
                <TextEquiv>
                    <Unicode>ſuitengymnaſium zu Koͤln am Rhein. . . . . . . . 120</Unicode>
                </TextEquiv>
            </TextLine>
            <TextLine id="line_1614607644083_753" custom="readingOrder {index:27;}">
                <Coords points="126,1127 1085,1136 1085,1166 1045,1169 385,1163 175,1161 142,1159 126,1157"/>
                <Baseline points="126,1147 142,1149 175,1151 217,1151 259,1151 301,1152 343,1152 385,1153 427,1153 470,1153 512,1153 554,1154 596,1154 638,1154 680,1154 722,1155 765,1155 807,1155 849,1156 891,1156 933,1156 975,1157 1018,1157 1045,1159 1085,1156"/>
                <TextEquiv>
                    <Unicode>6. Auch ein Beitrag zur Vertheidigung der heil. kath. Kirche. 122</Unicode>
                </TextEquiv>
            </TextLine>
            <TextLine id="line_1614607650611_757" custom="readingOrder {index:28;}">
                <Coords points="127,1165 922,1171 953,1172 1016,1175 1016,1205 669,1203 228,1198 176,1197 138,1196 127,1195"/>
                <Baseline points="127,1185 138,1186 176,1187 202,1187 228,1188 254,1188 281,1188 307,1188 333,1189 360,1189 386,1189 412,1189 438,1189 465,1190 491,1190 517,1189 544,1189 590,1192 616,1192 642,1192 669,1193 695,1193 721,1193 748,1193 774,1193 800,1193 827,1193 853,1193 879,1193 906,1193 922,1191 953,1192 984,1194 1016,1195"/>
                <TextEquiv>
                    <Unicode>7. Manuel Mendoza y Rios, die wahre Kirche Jeſu Chriſti.</Unicode>
                </TextEquiv>
            </TextLine>
            <TextLine id="line_1614607634433_747" custom="readingOrder {index:29;}">
                <Coords points="154,1083 1024,1089 1082,1211 1082,1241 587,1240 318,1235 218,1233 168,1231"/>
                <Baseline points="168,1221 193,1222 218,1223 243,1223 268,1224 293,1224 318,1225 343,1225 368,1225 393,1226 418,1226 443,1226 468,1227 493,1227 518,1227 543,1228 553,1228 587,1230 597,1228 617,1230 1038,1227 1082,1231"/>
                <TextEquiv>
                    <Unicode>Von Dr. F. Hebenſtreit. . . . . . . . . . . 123</Unicode>
                </TextEquiv>
            </TextLine>
            <TextLine id="line_1614607664343_770" custom="readingOrder {index:30;}">
                <Coords points="128,1237 171,1237 1016,1246 1016,1276 965,1277 890,1277 535,1274 275,1271 148,1269 128,1267"/>
                <Baseline points="128,1257 148,1259 171,1257 197,1258 223,1259 249,1260 275,1261 301,1261 327,1261 353,1261 379,1261 405,1262 431,1262 457,1262 483,1263 509,1263 535,1264 565,1264 590,1264 615,1264 640,1264 665,1264 690,1264 715,1264 740,1265 765,1265 790,1265 815,1266 840,1266 865,1266 890,1267 915,1267 940,1267 965,1267 990,1266 1016,1266"/>
                <TextEquiv>
                    <Unicode>8. Chriſtliche Legenden, oder: Lebensgeſchichte der Heiligen und</Unicode>
                </TextEquiv>
            </TextLine>
            <TextLine id="line_1614607662107_766" custom="readingOrder {index:31;}">
                <Coords points="171,1274 733,1279 1043,1282 1084,1283 1084,1313 538,1311 275,1307 223,1306 171,1304"/>
                <Baseline points="171,1294 197,1295 223,1296 249,1296 275,1297 302,1297 328,1297 354,1297 380,1297 406,1297 433,1298 459,1298 485,1299 511,1300 538,1301 553,1298 578,1299 604,1300 630,1301 655,1301 681,1301 707,1300 733,1299 1043,1302 1084,1303"/>
                <TextEquiv>
                    <Unicode>Maͤrtyrer ꝛc. Von Aem. Janitſch. . . . . . 124</Unicode>
                </TextEquiv>
            </TextLine>
            <TextLine id="line_1614607668851_774" custom="readingOrder {index:32;}">
                <Coords points="118,1310 166,1309 425,1311 1014,1316 1014,1346 988,1347 886,1347 581,1345 295,1342 118,1340"/>
                <Baseline points="118,1330 148,1330 166,1329 191,1330 217,1331 243,1331 269,1331 295,1332 321,1332 347,1331 373,1331 399,1331 425,1331 451,1332 477,1332 503,1333 529,1333 555,1334 581,1335 606,1335 631,1334 657,1334 682,1334 708,1334 733,1334 759,1334 784,1335 810,1335 835,1336 861,1336 886,1337 912,1337 937,1337 963,1337 988,1337 1014,1336"/>
                <TextEquiv>
                    <Unicode>9. 1. Katholiſches Gebetbuch, von P. Caniſius. 2. Kir⸗</Unicode>
                </TextEquiv>
            </TextLine>
            <TextLine id="r1l69" custom="readingOrder {index:33;}">
                <Coords points="171,1375 213,1375 256,1376 299,1376 342,1377 384,1377 427,1377 470,1378 513,1378 555,1379 598,1379 641,1379 684,1380 726,1380 769,1380 812,1381 855,1381 897,1381 940,1382 983,1382 1026,1382 1026,1352 983,1352 940,1352 897,1351 855,1351 812,1351 769,1350 726,1350 684,1350 641,1349 598,1349 555,1349 513,1348 470,1348 427,1347 384,1347 342,1347 299,1346 256,1346 213,1345 171,1345"/>
                <Baseline points="171,1365 213,1365 256,1366 299,1366 342,1367 384,1367 427,1367 470,1368 513,1368 555,1369 598,1369 641,1369 684,1370 726,1370 769,1370 812,1371 855,1371 897,1371 940,1372 983,1372 1026,1372"/>
                <TextEquiv>
                    <Unicode>chengebetbuch zum vormittaͤgigen Gottesdienſte ꝛc. Von W.</Unicode>
                </TextEquiv>
            </TextLine>
            <TextLine id="r1l70" custom="readingOrder {index:34;}">
                <Coords points="167,1409 209,1410 251,1410 293,1411 335,1411 377,1412 419,1413 461,1413 503,1414 545,1415 587,1415 629,1416 671,1416 713,1416 755,1417 797,1417 839,1417 881,1418 923,1418 965,1418 1008,1417 1008,1387 965,1388 923,1388 881,1388 839,1387 797,1387 755,1387 713,1386 671,1386 629,1386 587,1385 545,1385 503,1384 461,1383 419,1383 377,1382 335,1381 293,1381 251,1380 209,1380 167,1379"/>
                <Baseline points="167,1399 209,1400 251,1400 293,1401 335,1401 377,1402 419,1403 461,1403 503,1404 545,1405 587,1405 629,1406 671,1406 713,1406 755,1407 797,1407 839,1407 881,1408 923,1408 965,1408 1008,1407"/>
                <TextEquiv>
                    <Unicode>K. K. Deutſchmann. 3. Jeſus und die Jungfrau</Unicode>
                </TextEquiv>
            </TextLine>
            <TextLine id="line_1614607674440_778" custom="readingOrder {index:35;}">
                <Coords points="178,1411 1090,1421 1090,1451 1042,1451 454,1447 278,1445 228,1444 178,1441"/>
                <Baseline points="178,1431 203,1432 228,1434 253,1434 278,1435 303,1435 329,1435 354,1435 379,1435 404,1436 429,1436 454,1437 480,1437 1042,1441 1090,1441"/>
                <TextEquiv>
                    <Unicode>Von F. Bruckbraͤu . . . . . . . . . . . . . 125</Unicode>
                </TextEquiv>
            </TextLine>
            <TextLine id="line_1614607677082_782" custom="readingOrder {index:36;}">
                <Coords points="105,1446 1010,1457 1010,1487 968,1487 842,1486 173,1479 147,1478 105,1476"/>
                <Baseline points="105,1466 147,1468 173,1469 214,1469 256,1469 298,1470 340,1470 382,1471 424,1471 465,1471 507,1472 549,1472 591,1473 633,1473 675,1474 717,1474 758,1475 800,1475 842,1476 884,1476 926,1476 968,1477 1010,1477"/>
                <TextEquiv>
                    <Unicode>10. Handbuch des Volksſchulweſens im Koͤnigreiche Bayern.</Unicode>
                </TextEquiv>
            </TextLine>
            <TextLine id="line_1614607682740_790" custom="readingOrder {index:37;}">
                <Coords points="172,1481 1090,1491 1090,1521 1062,1523 277,1516 224,1515 172,1511"/>
                <Baseline points="172,1501 198,1503 224,1505 251,1505 277,1506 303,1506 330,1506 356,1506 383,1506 409,1506 435,1505 462,1505 488,1505 515,1506 1034,1511 1062,1513 1090,1511"/>
                <TextEquiv>
                    <Unicode>Von Dr. A. Muͤller. . . . . . . . . . . . 126</Unicode>
                </TextEquiv>
            </TextLine>
            <TextLine id="line_1614607679583_786" custom="readingOrder {index:38;}">
                <Coords points="104,1517 632,1522 884,1525 1011,1528 1011,1558 169,1551 104,1547"/>
                <Baseline points="104,1537 146,1539 169,1541 211,1541 253,1541 295,1541 337,1541 379,1541 421,1541 463,1541 505,1542 547,1542 590,1542 632,1542 674,1543 716,1543 758,1544 800,1544 842,1545 884,1545 926,1546 968,1547 1011,1548"/>
                <TextEquiv>
                    <Unicode>11. Encyclopaͤdiſches Handbuch der katholiſchen Geiſtlichkeit im</Unicode>
                </TextEquiv>
            </TextLine>
            <TextLine id="line_1614607686026_794" custom="readingOrder {index:39;}">
                <Coords points="166,1555 497,1557 618,1558 678,1559 1083,1566 1083,1596 1039,1596 256,1587 196,1586 166,1585"/>
                <Baseline points="166,1575 196,1576 226,1576 256,1577 286,1577 316,1577 346,1577 377,1577 407,1577 437,1577 467,1577 497,1577 527,1578 557,1578 588,1578 618,1578 648,1579 678,1579 708,1580 738,1581 769,1582 1039,1586 1083,1586"/>
                <TextEquiv>
                    <Unicode>Koͤnigreiche Bayern. Von A. Müller. . . . . . 127</Unicode>
                </TextEquiv>
            </TextLine>
            <TextLine id="r1l81" custom="readingOrder {index:40;}">
                <Coords points="47,1640 95,1641 144,1642 192,1643 241,1644 290,1645 338,1645 387,1646 435,1647 484,1647 533,1648 581,1648 630,1649 678,1649 727,1650 776,1651 824,1651 873,1652 921,1653 970,1654 1019,1655 1019,1625 970,1624 921,1623 873,1622 824,1621 776,1621 727,1620 678,1619 630,1619 581,1618 533,1618 484,1617 435,1617 387,1616 338,1615 290,1615 241,1614 192,1613 144,1612 95,1611 47,1610"/>
                <Baseline points="47,1630 95,1631 144,1632 192,1633 241,1634 290,1635 338,1635 387,1636 435,1637 484,1637 533,1638 581,1638 630,1639 678,1639 727,1640 776,1641 824,1641 873,1642 921,1643 970,1644 1019,1645"/>
                <TextEquiv>
                    <Unicode>VI. Drei Lehr⸗ und Erbauungsvortraͤge am Allerheiligenfeſte uͤber</Unicode>
                </TextEquiv>
            </TextLine>
            <TextLine id="r1l82" custom="readingOrder {index:41;}">
                <Coords points="117,1681 161,1680 206,1680 250,1680 295,1681 340,1681 384,1681 429,1682 473,1682 518,1683 563,1684 607,1685 652,1685 696,1686 741,1687 786,1687 830,1688 875,1688 919,1689 964,1689 1009,1689 1009,1659 964,1659 919,1659 875,1658 830,1658 786,1657 741,1657 696,1656 652,1655 607,1655 563,1654 518,1653 473,1652 429,1652 384,1651 340,1651 295,1651 250,1650 206,1650 161,1650 117,1651"/>
                <Baseline points="117,1671 161,1670 206,1670 250,1670 295,1671 340,1671 384,1671 429,1672 473,1672 518,1673 563,1674 607,1675 652,1675 696,1676 741,1677 786,1677 830,1678 875,1678 919,1679 964,1679 1009,1679"/>
                <TextEquiv>
                    <Unicode>die Heiligen und ihre Verehrung, uͤber ihre Anrufung und uͤber</Unicode>
                </TextEquiv>
            </TextLine>
            <TextLine id="line_1614607697647_800" custom="readingOrder {index:42;}">
                <Coords points="115,1684 140,1684 369,1685 1027,1692 1080,1695 1080,1725 598,1721 165,1715 115,1714"/>
                <Baseline points="115,1704 140,1704 165,1705 191,1705 216,1705 242,1705 267,1705 292,1705 318,1705 343,1705 369,1705 394,1706 420,1706 445,1706 470,1707 496,1707 521,1708 547,1709 572,1710 598,1711 1027,1712 1053,1714 1080,1715"/>
                <TextEquiv>
                    <Unicode>ihre Reliquien. (Erſter Vortrag.) . . . . . . . . . 129</Unicode>
                </TextEquiv>
            </TextLine>
            <TextLine id="line_1614607716457_821" custom="readingOrder {index:43;}">
                <Coords points="33,1706 1076,1727 1076,1757 964,1757 752,1756 498,1754 328,1752 201,1750 117,1748 85,1746 59,1744 33,1736"/>
                <Baseline points="31,1736 59,1734 85,1736 117,1738 159,1739 201,1740 244,1740 286,1741 328,1742 371,1742 413,1743 455,1743 498,1744 540,1744 582,1744 625,1745 667,1745 709,1745 752,1746 794,1746 836,1746 879,1746 921,1746 964,1747 1036,1747 1076,1747"/>
                <TextEquiv>
                    <Unicode>VII. Die Errichtung geiſtlicher Schulen im Erzbisthume Mecheln. . 180</Unicode>
                </TextEquiv>
            </TextLine>
            <TextLine id="line_1614607718458_825" custom="readingOrder {index:44;}">
                <Coords points="34,1743 1034,1763 1084,1764 1084,1794 1005,1794 472,1789 383,1788 250,1786 205,1785 161,1784 117,1782 63,1779 34,1773"/>
                <Baseline points="34,1763 63,1769 92,1769 117,1772 161,1774 205,1775 250,1776 294,1776 339,1777 383,1778 427,1778 472,1779 516,1779 561,1779 605,1780 649,1780 694,1780 738,1781 783,1781 827,1782 871,1782 916,1783 960,1783 1005,1784 1034,1783 1059,1784 1084,1784"/>
                <TextEquiv>
                    <Unicode>VIII. Das Feſt der Epiphanie und die Akademie in der Propaganda. 196</Unicode>
                </TextEquiv>
            </TextLine>
            <TextLine id="line_1614607720600_829" custom="readingOrder {index:45;}">
                <Coords points="55,1784 1034,1797 1080,1799 1080,1829 945,1830 408,1824 325,1823 242,1821 89,1816 55,1814"/>
                <Baseline points="55,1804 89,1806 119,1806 160,1808 201,1809 242,1811 284,1812 325,1813 366,1813 408,1814 449,1814 490,1814 532,1814 573,1815 614,1815 655,1815 697,1815 738,1816 779,1816 821,1817 862,1817 903,1818 945,1820 1034,1817 1080,1819"/>
                <TextEquiv>
                    <Unicode>IX. Beleuchtung rationaliſtiſcher Behauptungen. (Fortſetzung.). . 201</Unicode>
                </TextEquiv>
            </TextLine>
            <TextLine id="line_1614607722510_833" custom="readingOrder {index:46;}">
                <Coords points="66,1821 113,1820 1075,1833 1075,1863 1025,1865 962,1865 579,1862 410,1860 367,1859 282,1857 66,1851"/>
                <Baseline points="66,1841 96,1841 113,1840 155,1842 197,1844 240,1845 282,1847 325,1848 367,1849 410,1850 452,1850 495,1851 537,1851 579,1852 622,1852 664,1852 707,1852 749,1853 792,1853 834,1853 877,1854 919,1854 962,1855 1025,1855 1050,1853 1075,1853"/>
                <TextEquiv>
                    <Unicode>X. Die Aufhebung des biſchoͤflichen Gymnaſiums in Mainz. . . 215</Unicode>
                </TextEquiv>
            </TextLine>
            <TextLine id="line_1614607724423_837" custom="readingOrder {index:47;}">
                <Coords points="49,1858 144,1857 171,1857 307,1864 307,1894 93,1890 49,1888"/>
                <Baseline points="49,1878 93,1880 117,1878 144,1877 171,1877 198,1879 225,1880 252,1882 279,1883 307,1884"/>
                <TextEquiv>
                    <Unicode>XI. Literatur.</Unicode>
                </TextEquiv>
            </TextLine>
            <TextLine id="line_1614607728100_842" custom="readingOrder {index:48;}">
                <Coords points="127,1904 1007,1914 1007,1944 919,1945 611,1945 94,1940 94,1910 114,1906"/>
                <Baseline points="94,1930 114,1926 127,1924 171,1925 215,1927 259,1928 303,1929 347,1930 391,1931 435,1932 479,1933 523,1934 567,1934 611,1935 655,1935 699,1935 743,1935 787,1935 831,1935 875,1935 919,1935 963,1934 1007,1934"/>
                <TextEquiv>
                    <Unicode>1. Philoſophie der Geſchichte, oder uͤber die Tradition. (Fort⸗</Unicode>
                </TextEquiv>
            </TextLine>
            <TextLine id="line_1614607731682_846" custom="readingOrder {index:49;}">
                <Coords points="146,1941 197,1941 1024,1949 1074,1951 1074,1981 1049,1981 452,1979 375,1977 146,1971"/>
                <Baseline points="146,1961 171,1961 197,1961 222,1962 248,1963 273,1963 299,1964 324,1965 350,1966 375,1967 401,1967 426,1968 452,1969 478,1969 1024,1969 1049,1971 1074,1971"/>
                <TextEquiv>
                    <Unicode>ſetzung und Beſchluß.) . . . . . . . . . . . . . . 222</Unicode>
                </TextEquiv>
            </TextLine>
            <TextLine id="line_1614607737376_854" custom="readingOrder {index:50;}">
                <Coords points="86,1976 131,1975 1007,1984 1007,2014 963,2015 656,2015 481,2013 306,2010 86,2006"/>
                <Baseline points="86,1996 116,1996 131,1995 174,1996 218,1998 262,1999 306,2000 350,2000 393,2001 437,2002 481,2003 525,2003 569,2004 612,2004 656,2005 700,2005 744,2005 788,2005 831,2005 875,2005 919,2005 963,2005 1007,2004"/>
                <TextEquiv>
                    <Unicode>2. Theologiſche Abhandlungen von Dr. B. A. Frei⸗</Unicode>
                </TextEquiv>
            </TextLine>
            <TextLine id="line_1614607735135_850" custom="readingOrder {index:51;}">
                <Coords points="135,2014 163,2013 219,2013 1084,2024 1084,2054 1030,2054 613,2053 500,2051 135,2044"/>
                <Baseline points="135,2034 163,2033 191,2033 219,2033 247,2034 275,2034 303,2035 332,2035 360,2036 388,2037 416,2038 444,2039 472,2040 500,2041 529,2041 557,2042 585,2042 613,2043 641,2043 669,2042 698,2042 1030,2044 1057,2044 1084,2044"/>
                <TextEquiv>
                    <Unicode>herrn v. Reichlin⸗Meldegg. . . . . . . . 244</Unicode>
                </TextEquiv>
            </TextLine>
            <TextEquiv>
                <Unicode>Inhalt des fünf und dreißigſten Bandes.
Seite.
I. Robert Southwell’s Troſtſchreiben an die unter Eliſabeth einge⸗
kerkerten Katholiken in England. . . . . . . . . . . 1
II. Beleuchtung rationaliſtiſcher Behauptungen. . . . . . . 56
III. Der heil. Maͤrtyrer Clarenbach und ſeine Gedaͤchtnißſeier zu
Lüttringhauſen im Kreiſe Lennep. . . . . . . . . . . . 76
IV. Briefe über die verfolgten katholiſchen Armenier. . . . . . 80
V. Literatur.
1. Philoſophie der Geſchichte, oder uͤber die Tradition. . . 35
2. Collectio selecta SS. Ecclesiae Patrum etc.; curantibus
D. A. B. Caillau. etc. . . . . . . . . . . . 109
3. Der Coͤlibat im Widerſpruch mit Vernunft, Natur und
Religion. . . . . . . . . . . . . . . . . . 113
4. Geſchichte der Religion Jeſu Chriſti. Von Friedrich Leo⸗
pold, Grafen zu Stolberg, fortgeſetzt von F. v. Kerz. 115
5. I. Neujahrswunſch eines Seelſorgers an ſeine Gemeinde, in
einer Predigt am 1. Jaͤnner 1829. II. Fuͤr Juͤnglinge und
Jungfrauen auf dem Lande. Eine freudige Mitgabe auf
den Weg ihres Lebens, von Fr. S. Haͤglſpercher. III.
Gemeinſchaftliche Gebete mit Segnungen zum Gebrauche
der gewoͤhnlichen Prozeſſionen ꝛc. Von G. Rieder.
IV. Lebensgeſchichte des heil. Jodekus. V. Wiborath von
Klingnau. Eine Geſchichte der Vorzeit. VI. Rede zur Feier
der erſten heil. Communion. Gehalten von Dr. W. Smets.
VII. Die Feier der erſten heil. Communion am Koͤnigl. Je⸗
ſuitengymnaſium zu Koͤln am Rhein. . . . . . . . 120
6. Auch ein Beitrag zur Vertheidigung der heil. kath. Kirche. 122
7. Manuel Mendoza y Rios, die wahre Kirche Jeſu Chriſti.
Von Dr. F. Hebenſtreit. . . . . . . . . . . 123
8. Chriſtliche Legenden, oder: Lebensgeſchichte der Heiligen und
Maͤrtyrer ꝛc. Von Aem. Janitſch. . . . . . 124
9. 1. Katholiſches Gebetbuch, von P. Caniſius. 2. Kir⸗
chengebetbuch zum vormittaͤgigen Gottesdienſte ꝛc. Von W.
K. K. Deutſchmann. 3. Jeſus und die Jungfrau
Von F. Bruckbraͤu . . . . . . . . . . . . . 125
10. Handbuch des Volksſchulweſens im Koͤnigreiche Bayern.
Von Dr. A. Muͤller. . . . . . . . . . . . 126
11. Encyclopaͤdiſches Handbuch der katholiſchen Geiſtlichkeit im
Koͤnigreiche Bayern. Von A. Müller. . . . . . 127
VI. Drei Lehr⸗ und Erbauungsvortraͤge am Allerheiligenfeſte uͤber
die Heiligen und ihre Verehrung, uͤber ihre Anrufung und uͤber
ihre Reliquien. (Erſter Vortrag.) . . . . . . . . . 129
VII. Die Errichtung geiſtlicher Schulen im Erzbisthume Mecheln. . 180
VIII. Das Feſt der Epiphanie und die Akademie in der Propaganda. 196
IX. Beleuchtung rationaliſtiſcher Behauptungen. (Fortſetzung.). . 201
X. Die Aufhebung des biſchoͤflichen Gymnaſiums in Mainz. . . 215
XI. Literatur.
1. Philoſophie der Geſchichte, oder uͤber die Tradition. (Fort⸗
ſetzung und Beſchluß.) . . . . . . . . . . . . . . 222
2. Theologiſche Abhandlungen von Dr. B. A. Frei⸗
herrn v. Reichlin⸗Meldegg. . . . . . . . 244</Unicode>
            </TextEquiv>
        </TextRegion>
    </Page>
</PcGts>
