1258 2153
548 93 610 125 IX
60 180 1093 222 mit der Bekanntmachung und kirchlichen Einführung dieſer Feſttage be⸗
70 214 1091 257 auftragt. Unſers Koͤnigs Majeſtaͤt haben durch die Allerhoͤchſte Kabiners⸗
70 251 1085 292 Ordre vom 24. Maͤrz d. J. die Verkündigung und Ausführung dieſer
70 284 1089 328 Feſtordnung Allergnaͤdigſt genehmigt und dieſelbe in Allerhoͤchſtihren landes⸗
69 328 459 363 herrlichen Schutz genommen.
140 361 1091 404 Dieſemnach verkuͤndigen Wir hiermit und ſetzen feſt im Namen und
70 398 1088 440 im Auftrage des heil. Apoſtoliſchen Stuhles, daß außer den Sonnta⸗
70 433 1093 477 gen des Jahres in Unſerer Erzdioͤzeſe Koͤln folgende Feſte gefeiert werden:
107 477 1097 517 1) der Montag nach dem Feſte der Auferſtehung des
149 519 265 552 Herrn;
98 548 771 586 2) der Montag nach dem Pfingſtfeſte;
104 582 1021 621 3) das Feſt der Geburt unſers Hern Jeſus Chriſtus;
101 619 804 654 4) das Feſt der Beſchneidung des Herrn;
109 653 640 689 5) das Feſt der hh. drei Koͤnige;
105 689 734 723 6) das Feſt der Himmelfahrt Chriſti;
112 724 585 757 7) das Frohnleichnamsfeſt:
102 759 694 792 8) das Feſt der Reinigung Mariaͤ;
105 793 570 828 9) Mariaͤ Verkündigung;
92 826 552 860 10) Mariaͤ Himmelfahrt;
94 860 428 898 11) Mariaͤ Geburt;
93 895 532 935 12) Mariaͤ Empfaͤngniß;
90 924 1100 966 13) das Feſt der hh. Apoſtel Petrus und Paulus, ſammt der Ge⸗
150 960 571 996 daͤchtnißfeier aller hh. Apoſtel;
95 995 537 1036 14) das Feſt Allerheiligen;
95 1021 1107 1068 15) das Feſt des h. Erzmaͤrtyrers Stephanus ſammt der Ge⸗
151 1061 617 1099 daͤchtnißfeier aller hh. Maͤrtyrer;
93 1090 1105 1138 16) das Feſt des vornehmſten h. Kirchen⸗Patrones. Dieſes Feſt
167 1125 1097 1166 jedoch wird nicht an dem eigentlichen Tage, an welchem es einfaͤllt,
165 1161 1103 1203 ſondern an dem zunaͤchſt darauf folgenden Sonntage ſo gehalten,
159 1197 1101 1238 als fiele es an dieſem Sonntage ein, und daß derſelbe hinfort das
162 1237 535 1274 eigentliche Patrons⸗Feſt iſt.
83 1268 1112 1314 17) Die Mittwoche nach dem dritten Sonntage nach Oſtern, Ju⸗
162 1301 1105 1342 bilate genannt, als Bitt⸗Tag, um vom Himmel den Segen
167 1333 1109 1375 für die Feldfrüchte zu erflehen. Für dieſen Feſttag ordnen Wir ein
163 1366 1111 1407 dreizehnſtündiges Gebet an, und ſoll dieſe Feier an die Stelle der
167 1398 1113 1442 bisher in Unſerer Erzdiözeſe an verſchiedenen Tagen üblichen Hagel⸗
165 1432 1103 1477 seier treten. Nach Maßgabe des §. 7 und 8 de precibus quadra-
167 1468 1111 1511 ginta horarum in der Agenda Coloniensis vom Jahre 1720 (S.
162 1503 1107 1545 417) ſoll vor dem Hochamte die Litanie von allen Heiligen nebſt
167 1540 1107 1579 den beigeſetzten Verſikeln und Reſponſorien gebetet oder geſungen,
167 1574 1107 1614 und mit den Gebeten:  „Deus qui nobis sub sacramento“ und
173 1609 869 1651 „Clementiam Tuam“ (S. 357) geſchlossen werden.
150 1652 1114 1693 Wegen der Feldarbeiten zur Zeit der Erndte in den Monaten Auguſt
90 1686 1118 1729 und September haben Se. Päbſtliche Heiligkeit aus vaͤterlicher Milde die
80 1721 1112 1764 beiden Feſte Mariaͤ Himmelfahrt und Mariaͤ Geburt auf den
85 1756 1107 1797 Sonntag in der Octav verlegt, und werden dieſelben mit einer Erinnerung
85 1789 1111 1831 an den Sonntag im Officium und in der Meſſe ſo begangen, als waͤren
90 1831 425 1870 ſie nicht verlegt worden.
159 1855 1107 1896 Damit das Feſt des heil. Laurentius, wo dieſer Kirchen⸗Patron
85 1889 1111 1934 iſt, nicht auf den Sonntag einfalle, an welchem Mariaͤ Himmelfahrt
93 1924 1115 1969 gefeiert werden ſoll: ſo wird daſſelbe, wo es Patrons⸗Fest iſt, immer
89 1959 1119 2003 am vorhergehenden Sonntage, naͤmlich am Sonntage vor dem zehnten
89 2005 297 2040 Auguſt gefeiert.
