1258 2153
551 144 689 178 XLVI
81 245 1141 281 Batlle de Valls oder Mozos de la Escuadra; 3) allen bei
92 286 1141 324 den Mauten Angeſtellten; 4) allen zum Franciscaner⸗, Kapu⸗
85 327 1141 365 ziner⸗ und Karmelitenorden gehoͤrigen Perſonen fuͤr ewige Zeiten,
87 369 1140 406 ohne daß ſeine Erben dieß Privilegium ſollen widerrufen koͤnnen;
94 409 1147 449 5) den Mitgliedern des Ciſterzienſerordens in Aragonien, Na⸗
94 451 1139 488 varra, Catalonien und Valencia; 6) allen Spitalpfruͤndnern;
101 492 1143 528 7) allen Einwohnern von Esco in Aragonien fuͤr ewige Zeiten;
95 531 1135 568 8) allen Einwohnern von Lumbier, Deſa und Liedena in Navarra
99 572 1146 609 für jetzt. — Allen Armen ſtehen die Baͤder und Mineral⸗
95 613 1139 652 quellen dieſer Anſtalt vom 8. Juni bis Ende Septembers offen,
98 653 1143 694 ſie brauchen nur ein Zeugniß eines Arztes und ihres Pfarrers mit⸗
91 694 1146 736 zubringen. Sie finden hier Wohnung, Bett und Waͤſche, Klei⸗
96 737 1141 774 dung, den Tiſch, wie der Arzt ihn vorſchreibt, und alle Pflege;
96 775 1144 814 wozu der Eigenthuͤmer Perſonen maͤnnlichen und weiblichen Ge⸗
97 817 1147 855 ſchlechts unterhaͤlt. Es enthaͤlt dieſes Aktenſtuͤck Stoff vielfacher
96 858 1148 896 Belehrung, welche denkende Leſer ohne unſere Nachweiſung finden
94 904 216 935 werden.“
183 936 1150 975 Speyer. Das hieſige Domkapitel iſt nun wieder voll⸗
98 977 1144 1020 zaͤhlig hergeſtellt. Der bisherige Kapitelsſenior und Regens des
98 1018 1144 1060 biſchoͤflichen Clerikalſeminars, Joſeph Sales Miltenberger iſt von
100 1060 1146 1101 Sr. paͤbſtlichen Heiligkeit zum Probſt ernannt worden. Von den
97 1101 1145 1141 zwei erledigten Kanonikaten haben Se. koͤnigliche Majeſtaͤt das Eine
97 1141 1149 1183 dem Dekan und Schulinſpektor Friedrich Thinnes, bisherigen
97 1180 1145 1225 Pfarrer von Blieskaſtel und Abgeordneten der Geiſtlichkeit des
95 1220 1149 1265 Rheinkreiſes bei der Staͤndeverſammlung, das Andere dem bis⸗
101 1261 1149 1304 herigen Stadtpfarrer von Zweibruͤcken, Johann Groh, der nun
103 1303 1139 1342 auch die Regensſtelle im biſchoͤflichen Ckerikalſeminar bekleidet,
104 1348 427 1390 zu verleihen geruhet.
184 1382 1153 1424 Duͤrkheim an der Haardt. Mit der gluͤcklichen Vol⸗
106 1425 1145 1469 lendung des Baues der hieſigen katholiſchen Pfarrkirche zum heil.
106 1465 1151 1510 Ludwig, vereinigt ſich auch das innige Gefuͤhl des geruͤhrteſten
101 1505 1151 1551 Dankes, allen genannten und ungenannten edlen Wohlthaͤtern
101 1546 1156 1591 aus der Naͤhe und Ferne des Inn⸗ und Auslandes eine allge⸗
105 1587 1145 1630 meine Ueberſicht fuͤr ihre geſpendeten Gaben der chriſtlichen Liebe
106 1633 611 1672 und Mildthaͤtigkeit mitzutheilen.
186 1668 1151 1708 Groß und bedeutend ſind die Summen, welche die edlen,
107 1708 1155 1751 für Gott und Religion ergriffenen Seelen ſpendend mir reichten
103 1749 1153 1792 zum Baue des Herrn; die des Apoſtels Lehre so treulich befolgten:
105 1789 1147 1834 „Gebe jeder gerne nicht mit Unwillen oder Zwang; denn einen
109 1829 1151 1874 „froͤhlichen Geber hat Gott lieb;“ uͤberaus groß aber iſt auch der
111 1869 1154 1915 Dank in den Herzen derjenigen, die nun in ihrer neuen Pfarr⸗
101 1910 1152 1955 kirche heilſame Lehren, Troſt unter den widrigen Schickſalen ihres
106 1948 1154 1996 Lebens, Ruhe der Seele und frohe Hoffnung des ewigen Lebens
109 1989 1153 2037 genießen; — noch groͤßer der Lohn vor dem Geber alles Guten
105 2031 1152 2077 dem Vater der Lichter, „denn die durch dieſe Unterſtuͤtzung erwie⸗
108 2073 1157 2120 „ ſene Dienſtleiſtung, hilft nicht bloß den Beduͤrfniſſen der Hei⸗
