1258 2153
652 119 730 163 XX
160 204 1203 273 Bote, iſt kein Staat wie ein Anderer, es herrſcht darin kein
161 258 1209 327 Koͤnig und kein Kaiſer, ſondern ein Pabſt und zwar gibt's nur
162 313 1209 379 Einen auf der Welt. Der Pabſt iſt das Oberhaupt der katho⸗
161 367 1205 432 liſchen Kirche; es gab ſehr ſchlechte und ſehr fromme Paͤbſte
161 421 1210 484 (der Bote muß eine beſondere Freude an den Schlechten ha⸗
157 475 1217 536 ben, da er ſie oben anſetzt), von dem jetzigen wird allerlei ge⸗
165 528 1203 593 ſprochen. Die Cardinaͤle nennen ſich Prinzen (eigentlich Fuͤrſten)
162 580 1211 648 der Kirche und tragen ſehr reiche Kleider, die Apoſtel aber
164 635 1214 701 trugen deren ganz einfache.“ Haben etwa die Apoſtel auch den
162 689 1209 754 Welperſchen hinkenden Boten geleſen? Wenn dem nicht ſo iſt,
165 741 1220 806 ſo waͤre derſelbe entbehrlich. Der Bote ſcheint uͤbrigens den
174 794 1217 856 Cardinaͤlen zumuthen zu wollrn, daß ſie einen einfachen Bra⸗
165 848 1215 909 tenrock tragen ſollten, oder einfach lederne Beinkleider mit
167 900 1223 967 weißem Schurze, wie ſeine baͤueriſchen Leſer im Koͤcherſperge;
178 952 1225 1024 de gustibus non est disputandum. Von den Cardinaͤlen
177 1005 1227 1078 kommt noch einmal die Reihe an die Oeſterreicher, auf die der
174 1060 1231 1131 Hinker gar ſchlecht zu ſprechen iſt: man ſollte faſt meinen, er
173 1114 1221 1185 haͤtte unlaͤngſt in den Jahren 1814 und 15 ſich etwas revolu⸗
178 1171 1230 1236 tionaͤr vernehmen laſſen, und Haſelnuͤſſe knacken muͤſſen.
179 1225 1227 1286 „Die Oſterreicher, ſagt Welper’s ungerathener Sohn, haben
173 1277 1231 1340 kraͤftige Magen, Mutterwitz, wenig Aufklaͤrung. Kaiſer Joſeph
180 1327 1229 1396 kam zu fruͤh und ſtarb zu fruͤh. Der Wahlſpruch dieſes Landes
174 1383 1231 1451 iſt: Es bleibt beim Olten.“ Dem Boten thuts niemand recht;
181 1437 1227 1504 die Cardinaͤle werden getadelt, weil ſie nicht beim Olten bleiben,
177 1492 1233 1557 und die Oeſterreicher, weil ſie beim Alten bleiben. Gott ſey dank,
177 1544 1231 1611 daß Letztere gute Magen haben, wie koͤnnten ſie ſonst ſolche Al⸗
179 1599 1237 1662 bernheiten des Boten vertragen? Wenn uͤbrigens jemand berechtigt
177 1653 1230 1715 iſt, die Donaubewohner, weil ſie o ſtatt a ſagen, zu foppen, ſo
184 1704 1231 1768 iſt es gewiß der Welperiſche hinkende Bote zu Straßburg, wo
185 1755 1235 1822 bekanntlich die reine germaniſche Mundart den hoͤchſten Culmi⸗
189 1808 1233 1874 nationspunkt erſchwungen hat. Von Ungarn und Boͤhmen
192 1863 1234 1926 kennt das Welperiſche Kalenderhaus nichts als die guten Wei⸗
185 1918 1233 1980 ne, — ſelbſt von Boͤhmen!! — Die Preußen werden,
195 1969 1243 2033 was mich hoͤchſt wundert, ſehr hoͤhniſch mit zwei Strichpunkten
190 2023 1228 2089 abgethan, wie folgt: „Viel Sand, viel Wind, gelehrte Leute.“
