1258 2153
646 96 702 126 IV
166 192 1197 228 nichts als einem halben Dutzend im nicht eingeſegneten Ehebett
161 234 1188 268 erzielter, kleinen Pfanneflicker, Korbflechter u. ſ. w. beſtehend)
159 274 1193 307 zur gefaͤlligen Atzung nach Rom zuruͤckzuſenden, wo man gegen
159 314 1193 349 ein kleines Stuͤck Geld einen Wiſch erhalten kann, daß man
157 353 347 393 getraut ſey.“ —
244 393 1194 428 Ueber das Schulweſen in Baden ſagt derſelbe Hesperus
160 435 1196 468 folgendes: „Unter den Landſchullehrern findet man mitunter die
158 475 1194 508 roheſten Menſchen, dieſe kann jedoch nur die Zeit wegſchaffen.
164 515 1194 549 Hat man Anſtalten zur Bildung tuͤchtiger Lehrer, giebt man
161 556 1191 589 ihnen auch zu eſſen, (aber nicht fuͤr 13 Thaler jaͤhrlich, wie in
159 596 1200 629 Sachſen!) ſo werden ſich auch fuͤr das Schulfach beſſere Sub⸗
161 636 1192 670 jecte finden, die nicht genoͤthiget ſind, im Sommer das liebe
160 676 1193 710 Vieh zu weiden, nachdem ſie im Winter der lieben Jugend den
160 714 1198 749 Katechismus eingepruͤgelt haben. In Karlsruhe wird dermalen
164 753 1197 789 ein neues Schullehrer⸗Seminarium gebaut. Die Schulſaͤle wer⸗
162 794 1194 829 den aber zu enge und kaſernenartig; 20 Betten in einem Raume,
166 833 1192 869 faſt nur Bett an Bett, iſt mindeſtens ungeſund, abgeſehen von
164 875 1196 909 allem Andern; zumal ſind die Saͤle aͤußerſt niedrig. Auch baut
157 917 1197 949 man eine neue Toͤchterſchule in Karlsruhe; leider iſt ſie ſchon
163 958 1195 992 ausgebaut — ein Meiſterſtuͤck architektoniſcher Geſchmackloſigkeit
164 1000 732 1034 (wie die dortige katholiſche Kirche).“
259 1058 1097 1092 Noch ein Proͤbchen von der Redlichkeit des Hesperus.
239 1111 1198 1144 Ein Bewohner des Hesperus, uͤber deſſen Gewaͤſſern
166 1152 1193 1186 ſeit langer Zeit kein Geiſteshauch weht, der vielmehr in Gefahr
165 1192 1197 1225 iſt zum voͤlligen Cloak zu werden, hatte den Weg zu einer alten
159 1230 1195 1265 Pfuͤtze genommen, um (N° 99 — 1829) den 6000 Kinderkoͤpfen
164 1270 1196 1303 aus dem Fiſchteiche Gregors I. nachzuſpuͤren. Da regte ſich das
166 1309 1196 1344 Kroͤten⸗ und Unken⸗Geſchlecht und nun taucht (N° 265) ein
162 1350 1198 1386 Bufo gynæus aus der ſtinkenden Lache auf, und weiß das
165 1393 1194 1428 Geſchichtchen haarklein, und iſt auch um die Gewaͤhrleiſtung nicht
157 1437 287 1470 verlegen. —
243 1474 1193 1507 Hauptſaͤchlich koͤmmt es auf die Aechtheit und das Alter
161 1515 1193 1547 einer Epiſtel des heil. Ulrich Biſchof von Augsburg an Pabſt
157 1555 1193 1587 Nikolaus I. an. Der Inhalt des Briefes heißt es, iſt eine
165 1594 1189 1628 ſehr ernſthafte und wehmuͤthige Klage gegen den Coͤlibat und
159 1635 1199 1668 ſein Verderben.“ Nun werden die Gruͤnde fuͤr die Aechtheit
157 1675 1181 1707 dieſes Briefes und als Gewaͤhrsmaͤnner die Centuriatores Magde-
159 1715 1187 1748 burgici, die Orthodoxographia (Orthodoxologia) ss. pa-
165 1757 1192 1790 trum, Aeneas Sylvius angefuͤhrt und dann der Schluß gezogen:
163 1797 1197 1833 „Aus dieſen Gruͤnden konnte ſelbſt der feindſelige Erzjeſuite Vas⸗
164 1838 1198 1874 quez (disp. 267 Cap. 4) nicht umhin, die Epiſtel anzuerkennen;
162 1878 1126 1916 eben ſo Mabillon (Sec. s. Bened. p. 419) und Velſerus.“
238 1919 1190 1952 Was der ſpaniſche Jeſuit ſagt, konnen wir nicht nachſchlagen,
157 1959 1187 1991 weil deſſen Werke uns eben nicht zur Hand ſind. Daß aber
161 2001 1195 2034 Mabillon und Velſer das Gegentheil ſchreiben von dem,
