1259 2153
549 112 602 157 55
62 205 1099 260 die Vermittlerin unſerer Noth, die Schweſter der Ge⸗
65 260 1099 316 duld, die Tochter der Treue; ſie iſt das Band der
57 318 1100 372 Freundſchaft, das Vollwerk der Gottſeligkeit. Ohne ſic
66 371 1098 426 hat keine Dienſtleiſtung einen Werth, kein glücklicher Er⸗
66 426 1096 481 folg iſt des Dankes, keine große That des Ruhmes wür⸗
72 485 1106 535 dig; denn nicht Der, welcher beginnt, ſondern
63 544 941 589 Der bis an’s Ende beharrt, wird ſelig werden.
228 624 871 666 Von dem der eure Gefangenſchaft ehrt,
229 679 776 719 Der euch von Herzen zugethan iſt,
219 728 963 776 Und ſich demuͤthigſt in euer Gebet empfiehlt.
794 791 958 840 R. S.
70 889 1107 945 Im Schweigen und in der Hoffnung beſteht unſere Stärke.
