1259 2153
557 110 709 145 XLVII
107 198 1158 255 „ ligen ab, ſondern bringt auch reiche Frucht durch den Dank
107 239 1157 297 „ vieler gegen Gott, welche wegen dieſer erprobten Mildthaͤtigkeit
117 279 1159 336 „ Gott preiſen fuͤr den Gehorſam gegen das Evangelium Jeſu
113 321 1159 379 „ Chriſti, das ihr bekennet und fuͤr die gutthaͤtige Mittheilung
115 362 1151 421 „ gegen ſie und alle und durch ihr Gebet fuͤr euch, da ſie euch
115 405 1162 461 „ wegen der reichlichen Wohlthat, die Gott ihnen durch euch wer⸗
113 453 957 501 „ den ließ, herzlich lieben.“ (II. Cor. IX. 12. 1.)
197 484 1161 542 Ich ſchließe mit der herzlichen Bitte. Moͤge des Herrn
111 527 1155 581 Auge walten uͤber ſeinem heiligen Hauſe, Sein Segen ſichtbar
112 567 1157 622 werden in erhoͤhter Tugend und Froͤmmigkeit der katholiſchen Ge⸗
113 605 1159 663 meinde: ſichtbar in erneuertem Eifer des kirchlich⸗religioͤſen Sin⸗
109 645 1165 704 nes, auf daß in Erfuͤllung gehe, was der heil. Paulus an die
117 686 1163 743 Hebraͤer am 10. ſo dringend anempfiehlt: „Laſſet uns im Be⸗
109 727 1165 786 „kenntniß unſerer Hoffnung unbeweglich verharren; laſſet uns
113 769 1171 826 „nicht wie es einige zu ihun pflegen, unſre Verſammlungen ver⸗
109 817 1005 867 „laſſen, ſondern uns untereinander troͤſten und erbauen.
198 855 1163 905 Geſchrieben zu Duͤrkheim im Rheinkreiſe Bayerns in der
106 905 795 948 Octave der Erſcheinung des Herrn, 1830.
748 943 935 982 Zimmer,
601 973 1095 1017 Pfarrer der katholiſchen Gemeinde.
113 1019 1165 1071 Augemeine Ueberſicht der milden Beiträge, die zum Behufe des katholiſchen
346 1054 935 1096 Kirchenbaues in Dürkheim eingegangen ſind.
1018 1117 1124 1149 Betrag.
378 1141 811 1180 Behoͤrde. Koͤnigreich Bayern.
159 1235 939 1284 1. Durch ſeine Majeſtaͤt den Koͤnig von Bayern
234 1272 938 1317 nach ertheilter allergnaͤdigſten Genehmigung einer
238 1310 940 1352 allgemeinen Kollekte die milde Schenkung von
244 1341 1048 1384 zwanzig Bauſtaͤmmen, veranſchlagt zu 230
151 1370 1126 1426 2. Koͤnigliche Polizeidirection in Muͤnchen. 283 1
173 1406 1128 1458 3. Landgericht Techernſee. 36 12
162 1440 1126 1496 4. „ Weilheim. 142 31
161 1473 1129 1530 5. „ Werdenfels. 40 35
153 1507 1126 1564 6. „ Koͤtzling. 18 41
161 1539 1125 1597 7. „ Misbach. 93 22
178 1579 1146 1636 8. „ Landshut. 84 29 ¾
168 1609 1156 1665 9. „ Regen. 47 11 ¼
143 1649 1120 1702 10. Magiſtrat Straubing. 37 55
139 1685 1144 1739 11. „ Landshut. 63 21 ¼
143 1722 1147 1774 12. Landgericht Berchtolsgaden. 20 19 ¼
146 1756 1123 1816 13. „ Toͤlz. 89 50
142 1790 1125 1848 14. „ Landau. 81 57
149 1826 1155 1877 15. „ Eggenfelder. 128 11 ¼
135 1860 1128 1910 16. Magiſtrat Paſſau. 39 18
149 1896 1149 1946 17. Landgericht Troßberg. 63 6 ¾
150 1917 1127 1987 18. „ Straubing. 77 28
146 1966 1130 2020 19. „ Vilshofen. 102 6
143 1998 1128 2053 20. „ Grafenau. 40 10
129 2035 1168 2092 21. „ Schongau. 77 46 ¼
